%YAML 1.1
%TAG !u! tag:unity3d.com,2011:
--- !u!29 &1
OcclusionCullingSettings:
  m_ObjectHideFlags: 0
  serializedVersion: 2
  m_OcclusionBakeSettings:
    smallestOccluder: 5
    smallestHole: 0.25
    backfaceThreshold: 100
  m_SceneGUID: 00000000000000000000000000000000
  m_OcclusionCullingData: {fileID: 0}
--- !u!104 &2
RenderSettings:
  m_ObjectHideFlags: 0
  serializedVersion: 9
  m_Fog: 0
  m_FogColor: {r: 0.5, g: 0.5, b: 0.5, a: 1}
  m_FogMode: 3
  m_FogDensity: 0.01
  m_LinearFogStart: 0
  m_LinearFogEnd: 300
  m_AmbientSkyColor: {r: 0.212, g: 0.227, b: 0.259, a: 1}
  m_AmbientEquatorColor: {r: 0.114, g: 0.125, b: 0.133, a: 1}
  m_AmbientGroundColor: {r: 0.047, g: 0.043, b: 0.035, a: 1}
  m_AmbientIntensity: 1
  m_AmbientMode: 3
  m_SubtractiveShadowColor: {r: 0.42, g: 0.478, b: 0.627, a: 1}
  m_SkyboxMaterial: {fileID: 0}
  m_HaloStrength: 0.5
  m_FlareStrength: 1
  m_FlareFadeSpeed: 3
  m_HaloTexture: {fileID: 0}
  m_SpotCookie: {fileID: 10001, guid: 0000000000000000e000000000000000, type: 0}
  m_DefaultReflectionMode: 0
  m_DefaultReflectionResolution: 128
  m_ReflectionBounces: 1
  m_ReflectionIntensity: 1
  m_CustomReflection: {fileID: 0}
  m_Sun: {fileID: 0}
  m_IndirectSpecularColor: {r: 0, g: 0, b: 0, a: 1}
  m_UseRadianceAmbientProbe: 0
--- !u!157 &3
LightmapSettings:
  m_ObjectHideFlags: 0
  serializedVersion: 12
  m_GIWorkflowMode: 1
  m_GISettings:
    serializedVersion: 2
    m_BounceScale: 1
    m_IndirectOutputScale: 1
    m_AlbedoBoost: 1
    m_EnvironmentLightingMode: 0
    m_EnableBakedLightmaps: 0
    m_EnableRealtimeLightmaps: 0
  m_LightmapEditorSettings:
    serializedVersion: 12
    m_Resolution: 2
    m_BakeResolution: 40
    m_AtlasSize: 1024
    m_AO: 0
    m_AOMaxDistance: 1
    m_CompAOExponent: 1
    m_CompAOExponentDirect: 0
    m_ExtractAmbientOcclusion: 0
    m_Padding: 2
    m_LightmapParameters: {fileID: 0}
    m_LightmapsBakeMode: 1
    m_TextureCompression: 1
    m_FinalGather: 0
    m_FinalGatherFiltering: 1
    m_FinalGatherRayCount: 256
    m_ReflectionCompression: 2
    m_MixedBakeMode: 2
    m_BakeBackend: 1
    m_PVRSampling: 1
    m_PVRDirectSampleCount: 32
    m_PVRSampleCount: 512
    m_PVRBounces: 2
    m_PVREnvironmentSampleCount: 256
    m_PVREnvironmentReferencePointCount: 2048
    m_PVRFilteringMode: 1
    m_PVRDenoiserTypeDirect: 1
    m_PVRDenoiserTypeIndirect: 1
    m_PVRDenoiserTypeAO: 1
    m_PVRFilterTypeDirect: 0
    m_PVRFilterTypeIndirect: 0
    m_PVRFilterTypeAO: 0
    m_PVREnvironmentMIS: 1
    m_PVRCulling: 1
    m_PVRFilteringGaussRadiusDirect: 1
    m_PVRFilteringGaussRadiusIndirect: 5
    m_PVRFilteringGaussRadiusAO: 2
    m_PVRFilteringAtrousPositionSigmaDirect: 0.5
    m_PVRFilteringAtrousPositionSigmaIndirect: 2
    m_PVRFilteringAtrousPositionSigmaAO: 1
    m_ExportTrainingData: 0
    m_TrainingDataDestination: TrainingData
    m_LightProbeSampleCountMultiplier: 4
  m_LightingDataAsset: {fileID: 0}
  m_LightingSettings: {fileID: 0}
--- !u!196 &4
NavMeshSettings:
  serializedVersion: 2
  m_ObjectHideFlags: 0
  m_BuildSettings:
    serializedVersion: 2
    agentTypeID: 0
    agentRadius: 0.5
    agentHeight: 2
    agentSlope: 45
    agentClimb: 0.4
    ledgeDropHeight: 0
    maxJumpAcrossDistance: 0
    minRegionArea: 2
    manualCellSize: 0
    cellSize: 0.16666667
    manualTileSize: 0
    tileSize: 256
    accuratePlacement: 0
    maxJobWorkers: 0
    preserveTilesOutsideBounds: 0
    debug:
      m_Flags: 0
  m_NavMeshData: {fileID: 0}
--- !u!1 &69885695
GameObject:
  m_ObjectHideFlags: 0
  m_CorrespondingSourceObject: {fileID: 0}
  m_PrefabInstance: {fileID: 0}
  m_PrefabAsset: {fileID: 0}
  serializedVersion: 6
  m_Component:
  - component: {fileID: 69885697}
  - component: {fileID: 69885696}
  m_Layer: 0
  m_Name: Startup
  m_TagString: Untagged
  m_Icon: {fileID: 0}
  m_NavMeshLayer: 0
  m_StaticEditorFlags: 0
  m_IsActive: 1
--- !u!114 &69885696
MonoBehaviour:
  m_ObjectHideFlags: 0
  m_CorrespondingSourceObject: {fileID: 0}
  m_PrefabInstance: {fileID: 0}
  m_PrefabAsset: {fileID: 0}
  m_GameObject: {fileID: 69885695}
  m_Enabled: 1
  m_EditorHideFlags: 0
  m_Script: {fileID: 11500000, guid: 60622c569bc07cc45bd689a334a9277f, type: 3}
  m_Name: 
  m_EditorClassIdentifier: 
  sceneSettings: {fileID: 11400000, guid: 49e39e0a6364c304181cf57ce291f88e, type: 2}
--- !u!4 &69885697
Transform:
  m_ObjectHideFlags: 0
  m_CorrespondingSourceObject: {fileID: 0}
  m_PrefabInstance: {fileID: 0}
  m_PrefabAsset: {fileID: 0}
  m_GameObject: {fileID: 69885695}
  m_LocalRotation: {x: 0, y: 0, z: 0, w: 1}
  m_LocalPosition: {x: 0, y: 0, z: 0}
  m_LocalScale: {x: 1, y: 1, z: 1}
  m_Children: []
  m_Father: {fileID: 0}
  m_RootOrder: 0
  m_LocalEulerAnglesHint: {x: 0, y: 0, z: 0}
--- !u!1 &143687566
GameObject:
  m_ObjectHideFlags: 0
  m_CorrespondingSourceObject: {fileID: 0}
  m_PrefabInstance: {fileID: 0}
  m_PrefabAsset: {fileID: 0}
  serializedVersion: 6
  m_Component:
  - component: {fileID: 143687569}
  - component: {fileID: 143687568}
  - component: {fileID: 143687567}
  m_Layer: 0
  m_Name: InputTypeMonitor
  m_TagString: Untagged
  m_Icon: {fileID: 0}
  m_NavMeshLayer: 0
  m_StaticEditorFlags: 0
  m_IsActive: 1
--- !u!114 &143687567
MonoBehaviour:
  m_ObjectHideFlags: 0
  m_CorrespondingSourceObject: {fileID: 0}
  m_PrefabInstance: {fileID: 0}
  m_PrefabAsset: {fileID: 0}
  m_GameObject: {fileID: 143687566}
  m_Enabled: 1
  m_EditorHideFlags: 0
  m_Script: {fileID: 11500000, guid: 62899f850307741f2a39c98a8b639597, type: 3}
  m_Name: 
  m_EditorClassIdentifier: 
  m_Actions: {fileID: -944628639613478452, guid: 15c54eba130081548a07f08e8b0237b0, type: 3}
  m_NotificationBehavior: 2
  m_UIInputModule: {fileID: 0}
  m_DeviceLostEvent:
    m_PersistentCalls:
      m_Calls: []
  m_DeviceRegainedEvent:
    m_PersistentCalls:
      m_Calls: []
  m_ControlsChangedEvent:
    m_PersistentCalls:
      m_Calls: []
  m_ActionEvents:
  - m_PersistentCalls:
      m_Calls: []
    m_ActionId: c4f1fcc4-6a40-422c-b49a-16c15ce5620d
    m_ActionName: PlayerControls/Action_S[/Mouse/leftButton]
  - m_PersistentCalls:
      m_Calls: []
    m_ActionId: a0f909b2-1cc2-4f36-be31-a3a65d785692
    m_ActionName: PlayerControls/Action_E[/Keyboard/q]
  - m_PersistentCalls:
      m_Calls: []
    m_ActionId: f30407ba-7bb9-4cb9-ab59-5de772be7b9c
    m_ActionName: PlayerControls/Action_W[/Keyboard/e]
  - m_PersistentCalls:
      m_Calls: []
    m_ActionId: ecfb367b-7f16-43e5-83d7-f977e1276a30
    m_ActionName: PlayerControls/Action_N[/Keyboard/shift]
  - m_PersistentCalls:
      m_Calls: []
    m_ActionId: c40267dc-959c-482b-9602-4322b18fa94d
    m_ActionName: PlayerControls/Left_Directions[/Keyboard/w,/Keyboard/s,/Keyboard/a,/Keyboard/d]
  - m_PersistentCalls:
      m_Calls: []
    m_ActionId: d1ad8535-7536-4c20-9a23-45e622daebd6
    m_ActionName: PlayerControls/Right_Directions
  - m_PersistentCalls:
      m_Calls: []
    m_ActionId: 5b3c543a-828f-4a98-8da6-9c49311ea0c7
    m_ActionName: PlayerControls/Mouse_Position[/Mouse/position]
  - m_PersistentCalls:
      m_Calls: []
    m_ActionId: 60d09f6c-0288-4b20-bd2b-9a2064a98c86
    m_ActionName: PlayerControls/Action_RightShoulder[/Mouse/rightButton]
  - m_PersistentCalls:
      m_Calls: []
    m_ActionId: 775b7ad1-f1fa-4ff0-af1d-4f607f660444
    m_ActionName: PlayerControls/Mouse_LMB[/Mouse/leftButton]
  - m_PersistentCalls:
      m_Calls: []
    m_ActionId: 307dfa9d-4e9d-4b16-b746-b2cf2c5dbffe
    m_ActionName: PlayerControls/Action_R2[/Keyboard/e]
  - m_PersistentCalls:
      m_Calls: []
    m_ActionId: 4a80c0e9-1881-4c57-b685-1f8e2a45ca2e
    m_ActionName: PlayerControls/Action_Start[/Keyboard/enter]
  - m_PersistentCalls:
      m_Calls: []
    m_ActionId: dbe2904c-7fea-455a-b657-98e78101c18d
    m_ActionName: PlayerControls/Action_Select[/Keyboard/escape]
  - m_PersistentCalls:
      m_Calls: []
    m_ActionId: 695c0358-78d4-4834-9f44-ee3bb8215539
    m_ActionName: PlayerControls/Action_F[/Keyboard/f]
  - m_PersistentCalls:
      m_Calls: []
    m_ActionId: 922a7d00-0779-4fd6-a744-53cd843051d2
    m_ActionName: UI/Move[/Keyboard/w,/Keyboard/s,/Keyboard/a,/Keyboard/d]
  - m_PersistentCalls:
      m_Calls: []
    m_ActionId: aa54e334-dda5-4992-82ac-cef668406ea9
    m_ActionName: UI/Submit
  - m_PersistentCalls:
      m_Calls: []
    m_ActionId: 0ad2e926-0137-41ee-8c71-c9f1df08a2df
    m_ActionName: UI/Point[/Mouse/position]
  - m_PersistentCalls:
      m_Calls: []
    m_ActionId: f9c0ba97-f1e7-4420-bb9d-71b17aa02782
    m_ActionName: UI/LeftClick[/Mouse/leftButton]
  - m_PersistentCalls:
      m_Calls: []
    m_ActionId: 8aa0273a-72cb-4830-b43e-48bff6cea39d
    m_ActionName: UI/Scroll[/Mouse/scroll]
  - m_PersistentCalls:
      m_Calls: []
    m_ActionId: e65ca57e-f829-43e0-9284-f86176271fa4
    m_ActionName: UI/Cancel[/Keyboard/escape]
  - m_PersistentCalls:
      m_Calls: []
    m_ActionId: 285e7fdd-f62f-400c-b924-93ea9e3d16cd
    m_ActionName: UI/LeftShoulder
  - m_PersistentCalls:
      m_Calls: []
    m_ActionId: 8b254a17-0908-4e60-a78f-abecd52ce85a
    m_ActionName: UI/RightShoulder
  - m_PersistentCalls:
      m_Calls:
      - m_Target: {fileID: 143687568}
        m_TargetAssemblyTypeName: InputTypeMonitor, Assembly-CSharp
        m_MethodName: OnKeyboardMouseAction
        m_Mode: 0
        m_Arguments:
          m_ObjectArgument: {fileID: 0}
          m_ObjectArgumentAssemblyTypeName: UnityEngine.Object, UnityEngine
          m_IntArgument: 0
          m_FloatArgument: 0
          m_StringArgument: 
          m_BoolArgument: 0
        m_CallState: 2
    m_ActionId: 942f0da2-083e-49ca-b962-2a9c86a275ef
    m_ActionName: MainInput/KeyboardMouseAction[/Keyboard/anyKey]
  - m_PersistentCalls:
      m_Calls:
      - m_Target: {fileID: 143687568}
        m_TargetAssemblyTypeName: InputTypeMonitor, Assembly-CSharp
        m_MethodName: OnGamepadAction
        m_Mode: 0
        m_Arguments:
          m_ObjectArgument: {fileID: 0}
          m_ObjectArgumentAssemblyTypeName: UnityEngine.Object, UnityEngine
          m_IntArgument: 0
          m_FloatArgument: 0
          m_StringArgument: 
          m_BoolArgument: 0
        m_CallState: 2
    m_ActionId: ec2b344d-5c83-40fd-ae9b-6fb139ead216
    m_ActionName: MainInput/GamepadAction
  m_NeverAutoSwitchControlSchemes: 0
  m_DefaultControlScheme: 
  m_DefaultActionMap: MainInput
  m_SplitScreenIndex: -1
  m_Camera: {fileID: 0}
--- !u!114 &143687568
MonoBehaviour:
  m_ObjectHideFlags: 0
  m_CorrespondingSourceObject: {fileID: 0}
  m_PrefabInstance: {fileID: 0}
  m_PrefabAsset: {fileID: 0}
  m_GameObject: {fileID: 143687566}
  m_Enabled: 1
  m_EditorHideFlags: 0
  m_Script: {fileID: 11500000, guid: 7a60f590c917a474c9c273bc56ece5ab, type: 3}
  m_Name: 
  m_EditorClassIdentifier: 
  inputData: {fileID: 11400000, guid: 6f48b0ee094769948a58e7c3aa9ec9e7, type: 2}
--- !u!4 &143687569
Transform:
  m_ObjectHideFlags: 0
  m_CorrespondingSourceObject: {fileID: 0}
  m_PrefabInstance: {fileID: 0}
  m_PrefabAsset: {fileID: 0}
  m_GameObject: {fileID: 143687566}
  m_LocalRotation: {x: 0, y: 0, z: 0, w: 1}
  m_LocalPosition: {x: 0, y: 0, z: 0}
  m_LocalScale: {x: 1, y: 1, z: 1}
  m_Children: []
  m_Father: {fileID: 0}
  m_RootOrder: 8
  m_LocalEulerAnglesHint: {x: 0, y: 0, z: 0}
--- !u!1 &235778955
GameObject:
  m_ObjectHideFlags: 0
  m_CorrespondingSourceObject: {fileID: 0}
  m_PrefabInstance: {fileID: 0}
  m_PrefabAsset: {fileID: 0}
  serializedVersion: 6
  m_Component:
  - component: {fileID: 235778957}
  - component: {fileID: 235778956}
  m_Layer: 0
  m_Name: MenuManager
  m_TagString: Untagged
  m_Icon: {fileID: 0}
  m_NavMeshLayer: 0
  m_StaticEditorFlags: 0
  m_IsActive: 1
--- !u!114 &235778956
MonoBehaviour:
  m_ObjectHideFlags: 0
  m_CorrespondingSourceObject: {fileID: 0}
  m_PrefabInstance: {fileID: 0}
  m_PrefabAsset: {fileID: 0}
  m_GameObject: {fileID: 235778955}
  m_Enabled: 1
  m_EditorHideFlags: 0
  m_Script: {fileID: 11500000, guid: ccf6f37af339f5b4ba784cd05a1e3393, type: 3}
  m_Name: 
  m_EditorClassIdentifier: 
  loadingMenu: {fileID: 2034962786}
--- !u!4 &235778957
Transform:
  m_ObjectHideFlags: 0
  m_CorrespondingSourceObject: {fileID: 0}
  m_PrefabInstance: {fileID: 0}
  m_PrefabAsset: {fileID: 0}
  m_GameObject: {fileID: 235778955}
  m_LocalRotation: {x: -0, y: -0, z: -0, w: 1}
  m_LocalPosition: {x: 0, y: 0, z: 0}
  m_LocalScale: {x: 1, y: 1, z: 1}
  m_Children: []
  m_Father: {fileID: 0}
  m_RootOrder: 4
  m_LocalEulerAnglesHint: {x: 0, y: 0, z: 0}
--- !u!1 &348974447
GameObject:
  m_ObjectHideFlags: 0
  m_CorrespondingSourceObject: {fileID: 0}
  m_PrefabInstance: {fileID: 0}
  m_PrefabAsset: {fileID: 0}
  serializedVersion: 6
  m_Component:
  - component: {fileID: 348974449}
  - component: {fileID: 348974448}
  m_Layer: 0
  m_Name: EventsInitializer
  m_TagString: Untagged
  m_Icon: {fileID: 0}
  m_NavMeshLayer: 0
  m_StaticEditorFlags: 0
  m_IsActive: 1
--- !u!114 &348974448
MonoBehaviour:
  m_ObjectHideFlags: 0
  m_CorrespondingSourceObject: {fileID: 0}
  m_PrefabInstance: {fileID: 0}
  m_PrefabAsset: {fileID: 0}
  m_GameObject: {fileID: 348974447}
  m_Enabled: 1
  m_EditorHideFlags: 0
  m_Script: {fileID: 11500000, guid: 868c76cd4fe866440a381816e4fed767, type: 3}
  m_Name: 
  m_EditorClassIdentifier: 
--- !u!4 &348974449
Transform:
  m_ObjectHideFlags: 0
  m_CorrespondingSourceObject: {fileID: 0}
  m_PrefabInstance: {fileID: 0}
  m_PrefabAsset: {fileID: 0}
  m_GameObject: {fileID: 348974447}
  m_LocalRotation: {x: 0, y: 0, z: 0, w: 1}
  m_LocalPosition: {x: 983.22003, y: 493.14682, z: -180.86966}
  m_LocalScale: {x: 1, y: 1, z: 1}
  m_Children: []
  m_Father: {fileID: 0}
  m_RootOrder: 6
  m_LocalEulerAnglesHint: {x: 0, y: 0, z: 0}
--- !u!1 &623980851
GameObject:
  m_ObjectHideFlags: 0
  m_CorrespondingSourceObject: {fileID: 0}
  m_PrefabInstance: {fileID: 0}
  m_PrefabAsset: {fileID: 0}
  serializedVersion: 6
  m_Component:
  - component: {fileID: 623980853}
  - component: {fileID: 623980852}
  m_Layer: 0
  m_Name: TrapManager
  m_TagString: Untagged
  m_Icon: {fileID: 0}
  m_NavMeshLayer: 0
  m_StaticEditorFlags: 0
  m_IsActive: 1
--- !u!114 &623980852
MonoBehaviour:
  m_ObjectHideFlags: 0
  m_CorrespondingSourceObject: {fileID: 0}
  m_PrefabInstance: {fileID: 0}
  m_PrefabAsset: {fileID: 0}
  m_GameObject: {fileID: 623980851}
  m_Enabled: 1
  m_EditorHideFlags: 0
  m_Script: {fileID: 11500000, guid: 8ce1e47327301b44e857cc6d64abca76, type: 3}
  m_Name: 
  m_EditorClassIdentifier: 
  trapsList: {fileID: 11400000, guid: e0f96538729d98f43825e9a1ed024a87, type: 2}
  nPCDatas:
  - {fileID: 11400000, guid: e2d9f400cd955e740b38b6a4512c051a, type: 2}
  - {fileID: 11400000, guid: 6aa31e25049e9494cbfa19bd0f7b159d, type: 2}
  - {fileID: 11400000, guid: 25fae98b6005843428f47efe30fdbce8, type: 2}
  - {fileID: 11400000, guid: 82dedc102469cea46931fb43cd764d5a, type: 2}
  - {fileID: 11400000, guid: 88b49121524a65f4b9a89da3fd5e7091, type: 2}
  - {fileID: 11400000, guid: e274d47e101685c4cb61c352ceaf6ad4, type: 2}
  - {fileID: 11400000, guid: 4ce74914e3700dd40b726b9e1e9fe69d, type: 2}
  - {fileID: 11400000, guid: 4ae9ae930bdccf348ab594a24825d003, type: 2}
--- !u!4 &623980853
Transform:
  m_ObjectHideFlags: 0
  m_CorrespondingSourceObject: {fileID: 0}
  m_PrefabInstance: {fileID: 0}
  m_PrefabAsset: {fileID: 0}
  m_GameObject: {fileID: 623980851}
  m_LocalRotation: {x: 0, y: 0, z: 0, w: 1}
  m_LocalPosition: {x: -16.97535, y: -10.672596, z: -1.2121878}
  m_LocalScale: {x: 1, y: 1, z: 1}
  m_Children: []
  m_Father: {fileID: 0}
  m_RootOrder: 7
  m_LocalEulerAnglesHint: {x: 0, y: 0, z: 0}
--- !u!1 &1154395345
GameObject:
  m_ObjectHideFlags: 0
  m_CorrespondingSourceObject: {fileID: 0}
  m_PrefabInstance: {fileID: 0}
  m_PrefabAsset: {fileID: 0}
  serializedVersion: 6
  m_Component:
  - component: {fileID: 1154395346}
  - component: {fileID: 1154395347}
  m_Layer: 0
  m_Name: DataLoader
  m_TagString: Untagged
  m_Icon: {fileID: 0}
  m_NavMeshLayer: 0
  m_StaticEditorFlags: 0
  m_IsActive: 1
--- !u!4 &1154395346
Transform:
  m_ObjectHideFlags: 0
  m_CorrespondingSourceObject: {fileID: 0}
  m_PrefabInstance: {fileID: 0}
  m_PrefabAsset: {fileID: 0}
  m_GameObject: {fileID: 1154395345}
  m_LocalRotation: {x: 0, y: 0, z: 0, w: 1}
  m_LocalPosition: {x: 0, y: 0, z: 0}
  m_LocalScale: {x: 1, y: 1, z: 1}
  m_Children: []
  m_Father: {fileID: 0}
  m_RootOrder: 3
  m_LocalEulerAnglesHint: {x: 0, y: 0, z: 0}
--- !u!114 &1154395347
MonoBehaviour:
  m_ObjectHideFlags: 0
  m_CorrespondingSourceObject: {fileID: 0}
  m_PrefabInstance: {fileID: 0}
  m_PrefabAsset: {fileID: 0}
  m_GameObject: {fileID: 1154395345}
  m_Enabled: 1
  m_EditorHideFlags: 0
  m_Script: {fileID: 11500000, guid: 0dc8a8ad74c06fa4d9eaded68c4a71c2, type: 3}
  m_Name: 
  m_EditorClassIdentifier: 
  playtestSettings: {fileID: 11400000, guid: 7cc1de18727a6ca479537d55f3974a32, type: 2}
  gameplayData: {fileID: 11400000, guid: 40c87ceb6a9a22041a428d4eec5e0be9, type: 2}
  playerInventory: {fileID: 11400000, guid: 1e725c42220830e42af081a27be69bd0, type: 2}
  inventorySettings: {fileID: 11400000, guid: 54e7138d648f64a498ca50e854b49295, type: 2}
--- !u!1 &1615640192
GameObject:
  m_ObjectHideFlags: 0
  m_CorrespondingSourceObject: {fileID: 0}
  m_PrefabInstance: {fileID: 0}
  m_PrefabAsset: {fileID: 0}
  serializedVersion: 6
  m_Component:
  - component: {fileID: 1615640194}
  - component: {fileID: 1615640193}
  m_Layer: 0
  m_Name: SaveSystem
  m_TagString: Untagged
  m_Icon: {fileID: 0}
  m_NavMeshLayer: 0
  m_StaticEditorFlags: 0
  m_IsActive: 1
--- !u!114 &1615640193
MonoBehaviour:
  m_ObjectHideFlags: 0
  m_CorrespondingSourceObject: {fileID: 0}
  m_PrefabInstance: {fileID: 0}
  m_PrefabAsset: {fileID: 0}
  m_GameObject: {fileID: 1615640192}
  m_Enabled: 1
  m_EditorHideFlags: 0
  m_Script: {fileID: 11500000, guid: a4bb48b9ed06998499f87cf20dbb63d6, type: 3}
  m_Name: 
  m_EditorClassIdentifier: 
  buildData: {fileID: 11400000, guid: 0e29f7187e7734f439761da3fa96f0b0, type: 2}
  inventorySettings: {fileID: 11400000, guid: 54e7138d648f64a498ca50e854b49295, type: 2}
  playerInventory: {fileID: 11400000, guid: 1e725c42220830e42af081a27be69bd0, type: 2}
  bagInventory: {fileID: 11400000, guid: 9ce75831d458b8947bbd4fe243cc0c88, type: 2}
  gameplayData: {fileID: 11400000, guid: 40c87ceb6a9a22041a428d4eec5e0be9, type: 2}
  trapsList: {fileID: 11400000, guid: e0f96538729d98f43825e9a1ed024a87, type: 2}
  quests: {fileID: 11400000, guid: f4c1ff4fb39cbd749b357efc71503ed9, type: 2}
  dataLoader: {fileID: 1154395347}
  enableLogs: 0
--- !u!4 &1615640194
Transform:
  m_ObjectHideFlags: 0
  m_CorrespondingSourceObject: {fileID: 0}
  m_PrefabInstance: {fileID: 0}
  m_PrefabAsset: {fileID: 0}
  m_GameObject: {fileID: 1615640192}
  m_LocalRotation: {x: 0, y: 0, z: 0, w: 1}
  m_LocalPosition: {x: 0, y: 0, z: 0}
  m_LocalScale: {x: 1, y: 1, z: 1}
  m_Children: []
  m_Father: {fileID: 0}
  m_RootOrder: 2
  m_LocalEulerAnglesHint: {x: 0, y: 0, z: 0}
--- !u!114 &2034962786 stripped
MonoBehaviour:
  m_CorrespondingSourceObject: {fileID: 3350201672936676559, guid: d28d38e47448fd54e8e262288ff06a5c, type: 3}
  m_PrefabInstance: {fileID: 3350201671707020717}
  m_PrefabAsset: {fileID: 0}
  m_GameObject: {fileID: 0}
  m_Enabled: 1
  m_EditorHideFlags: 0
  m_Script: {fileID: 11500000, guid: 08bb5d0174085b14f8a379e2dd1af6e4, type: 3}
  m_Name: 
  m_EditorClassIdentifier: 
--- !u!1 &2082033434
GameObject:
  m_ObjectHideFlags: 0
  m_CorrespondingSourceObject: {fileID: 0}
  m_PrefabInstance: {fileID: 0}
  m_PrefabAsset: {fileID: 0}
  serializedVersion: 6
  m_Component:
  - component: {fileID: 2082033436}
  - component: {fileID: 2082033435}
  m_Layer: 0
  m_Name: SceneLoader
  m_TagString: Untagged
  m_Icon: {fileID: 0}
  m_NavMeshLayer: 0
  m_StaticEditorFlags: 0
  m_IsActive: 1
--- !u!114 &2082033435
MonoBehaviour:
  m_ObjectHideFlags: 0
  m_CorrespondingSourceObject: {fileID: 0}
  m_PrefabInstance: {fileID: 0}
  m_PrefabAsset: {fileID: 0}
  m_GameObject: {fileID: 2082033434}
  m_Enabled: 1
  m_EditorHideFlags: 0
  m_Script: {fileID: 11500000, guid: 3c1adb1210f568045bbdcb7f9ac84e6b, type: 3}
  m_Name: 
  m_EditorClassIdentifier: 
  playtestSettings: {fileID: 11400000, guid: 7cc1de18727a6ca479537d55f3974a32, type: 2}
  onSceneLoadedEvent:
    m_PersistentCalls:
      m_Calls: []
  menuManager: {fileID: 235778956}
  loadingMenuClassifier: {fileID: 11400000, guid: f96c029a11e634641b2aff2b623683d7, type: 2}
--- !u!4 &2082033436
Transform:
  m_ObjectHideFlags: 0
  m_CorrespondingSourceObject: {fileID: 0}
  m_PrefabInstance: {fileID: 0}
  m_PrefabAsset: {fileID: 0}
  m_GameObject: {fileID: 2082033434}
  m_LocalRotation: {x: -0, y: -0, z: -0, w: 1}
  m_LocalPosition: {x: 0, y: 0, z: 0}
  m_LocalScale: {x: 1, y: 1, z: 1}
  m_Children: []
  m_Father: {fileID: 0}
  m_RootOrder: 1
  m_LocalEulerAnglesHint: {x: 0, y: 0, z: 0}
--- !u!1001 &3350201671707020717
PrefabInstance:
  m_ObjectHideFlags: 0
  serializedVersion: 2
  m_Modification:
    m_TransformParent: {fileID: 0}
    m_Modifications:
    - target: {fileID: 3350201671932388449, guid: d28d38e47448fd54e8e262288ff06a5c, type: 3}
      propertyPath: m_Name
      value: LoadingMenuCanvas
      objectReference: {fileID: 0}
    - target: {fileID: 3350201671932388477, guid: d28d38e47448fd54e8e262288ff06a5c, type: 3}
      propertyPath: m_Pivot.x
      value: 0
      objectReference: {fileID: 0}
    - target: {fileID: 3350201671932388477, guid: d28d38e47448fd54e8e262288ff06a5c, type: 3}
      propertyPath: m_Pivot.y
      value: 0
      objectReference: {fileID: 0}
    - target: {fileID: 3350201671932388477, guid: d28d38e47448fd54e8e262288ff06a5c, type: 3}
      propertyPath: m_RootOrder
      value: 5
      objectReference: {fileID: 0}
    - target: {fileID: 3350201671932388477, guid: d28d38e47448fd54e8e262288ff06a5c, type: 3}
      propertyPath: m_AnchorMax.x
      value: 0
      objectReference: {fileID: 0}
    - target: {fileID: 3350201671932388477, guid: d28d38e47448fd54e8e262288ff06a5c, type: 3}
      propertyPath: m_AnchorMax.y
      value: 0
      objectReference: {fileID: 0}
    - target: {fileID: 3350201671932388477, guid: d28d38e47448fd54e8e262288ff06a5c, type: 3}
      propertyPath: m_AnchorMin.x
      value: 0
      objectReference: {fileID: 0}
    - target: {fileID: 3350201671932388477, guid: d28d38e47448fd54e8e262288ff06a5c, type: 3}
      propertyPath: m_AnchorMin.y
      value: 0
      objectReference: {fileID: 0}
    - target: {fileID: 3350201671932388477, guid: d28d38e47448fd54e8e262288ff06a5c, type: 3}
      propertyPath: m_SizeDelta.x
      value: 0
      objectReference: {fileID: 0}
    - target: {fileID: 3350201671932388477, guid: d28d38e47448fd54e8e262288ff06a5c, type: 3}
      propertyPath: m_SizeDelta.y
      value: 0
      objectReference: {fileID: 0}
    - target: {fileID: 3350201671932388477, guid: d28d38e47448fd54e8e262288ff06a5c, type: 3}
      propertyPath: m_LocalPosition.x
      value: 0
      objectReference: {fileID: 0}
    - target: {fileID: 3350201671932388477, guid: d28d38e47448fd54e8e262288ff06a5c, type: 3}
      propertyPath: m_LocalPosition.y
      value: 0
      objectReference: {fileID: 0}
    - target: {fileID: 3350201671932388477, guid: d28d38e47448fd54e8e262288ff06a5c, type: 3}
      propertyPath: m_LocalPosition.z
      value: 0
      objectReference: {fileID: 0}
    - target: {fileID: 3350201671932388477, guid: d28d38e47448fd54e8e262288ff06a5c, type: 3}
      propertyPath: m_LocalRotation.w
      value: 1
      objectReference: {fileID: 0}
    - target: {fileID: 3350201671932388477, guid: d28d38e47448fd54e8e262288ff06a5c, type: 3}
      propertyPath: m_LocalRotation.x
      value: 0
      objectReference: {fileID: 0}
    - target: {fileID: 3350201671932388477, guid: d28d38e47448fd54e8e262288ff06a5c, type: 3}
      propertyPath: m_LocalRotation.y
      value: 0
      objectReference: {fileID: 0}
    - target: {fileID: 3350201671932388477, guid: d28d38e47448fd54e8e262288ff06a5c, type: 3}
      propertyPath: m_LocalRotation.z
      value: 0
      objectReference: {fileID: 0}
    - target: {fileID: 3350201671932388477, guid: d28d38e47448fd54e8e262288ff06a5c, type: 3}
      propertyPath: m_AnchoredPosition.x
      value: 0
      objectReference: {fileID: 0}
    - target: {fileID: 3350201671932388477, guid: d28d38e47448fd54e8e262288ff06a5c, type: 3}
      propertyPath: m_AnchoredPosition.y
      value: 0
      objectReference: {fileID: 0}
    - target: {fileID: 3350201671932388477, guid: d28d38e47448fd54e8e262288ff06a5c, type: 3}
      propertyPath: m_LocalEulerAnglesHint.x
      value: 0
      objectReference: {fileID: 0}
    - target: {fileID: 3350201671932388477, guid: d28d38e47448fd54e8e262288ff06a5c, type: 3}
      propertyPath: m_LocalEulerAnglesHint.y
      value: 0
      objectReference: {fileID: 0}
    - target: {fileID: 3350201671932388477, guid: d28d38e47448fd54e8e262288ff06a5c, type: 3}
      propertyPath: m_LocalEulerAnglesHint.z
      value: 0
      objectReference: {fileID: 0}
    m_RemovedComponents: []
  m_SourcePrefab: {fileID: 100100000, guid: d28d38e47448fd54e8e262288ff06a5c, type: 3}
