%YAML 1.1
%TAG !u! tag:unity3d.com,2011:
--- !u!29 &1
OcclusionCullingSettings:
  m_ObjectHideFlags: 0
  serializedVersion: 2
  m_OcclusionBakeSettings:
    smallestOccluder: 5
    smallestHole: 0.25
    backfaceThreshold: 100
  m_SceneGUID: 00000000000000000000000000000000
  m_OcclusionCullingData: {fileID: 0}
--- !u!104 &2
RenderSettings:
  m_ObjectHideFlags: 0
  serializedVersion: 9
  m_Fog: 0
  m_FogColor: {r: 0.5, g: 0.5, b: 0.5, a: 1}
  m_FogMode: 3
  m_FogDensity: 0.01
  m_LinearFogStart: 0
  m_LinearFogEnd: 300
  m_AmbientSkyColor: {r: 0.212, g: 0.227, b: 0.259, a: 1}
  m_AmbientEquatorColor: {r: 0.114, g: 0.125, b: 0.133, a: 1}
  m_AmbientGroundColor: {r: 0.047, g: 0.043, b: 0.035, a: 1}
  m_AmbientIntensity: 1
  m_AmbientMode: 0
  m_SubtractiveShadowColor: {r: 0.42, g: 0.478, b: 0.627, a: 1}
  m_SkyboxMaterial: {fileID: 10304, guid: 0000000000000000f000000000000000, type: 0}
  m_HaloStrength: 0.5
  m_FlareStrength: 1
  m_FlareFadeSpeed: 3
  m_HaloTexture: {fileID: 0}
  m_SpotCookie: {fileID: 10001, guid: 0000000000000000e000000000000000, type: 0}
  m_DefaultReflectionMode: 0
  m_DefaultReflectionResolution: 128
  m_ReflectionBounces: 1
  m_ReflectionIntensity: 1
  m_CustomReflection: {fileID: 0}
  m_Sun: {fileID: 0}
  m_IndirectSpecularColor: {r: 0.37311953, g: 0.38074014, b: 0.3587274, a: 1}
  m_UseRadianceAmbientProbe: 0
--- !u!157 &3
LightmapSettings:
  m_ObjectHideFlags: 0
  serializedVersion: 12
  m_GIWorkflowMode: 1
  m_GISettings:
    serializedVersion: 2
    m_BounceScale: 1
    m_IndirectOutputScale: 1
    m_AlbedoBoost: 1
    m_EnvironmentLightingMode: 0
    m_EnableBakedLightmaps: 1
    m_EnableRealtimeLightmaps: 0
  m_LightmapEditorSettings:
    serializedVersion: 12
    m_Resolution: 2
    m_BakeResolution: 40
    m_AtlasSize: 1024
    m_AO: 0
    m_AOMaxDistance: 1
    m_CompAOExponent: 1
    m_CompAOExponentDirect: 0
    m_ExtractAmbientOcclusion: 0
    m_Padding: 2
    m_LightmapParameters: {fileID: 0}
    m_LightmapsBakeMode: 1
    m_TextureCompression: 1
    m_FinalGather: 0
    m_FinalGatherFiltering: 1
    m_FinalGatherRayCount: 256
    m_ReflectionCompression: 2
    m_MixedBakeMode: 2
    m_BakeBackend: 1
    m_PVRSampling: 1
    m_PVRDirectSampleCount: 32
    m_PVRSampleCount: 512
    m_PVRBounces: 2
    m_PVREnvironmentSampleCount: 256
    m_PVREnvironmentReferencePointCount: 2048
    m_PVRFilteringMode: 1
    m_PVRDenoiserTypeDirect: 1
    m_PVRDenoiserTypeIndirect: 1
    m_PVRDenoiserTypeAO: 1
    m_PVRFilterTypeDirect: 0
    m_PVRFilterTypeIndirect: 0
    m_PVRFilterTypeAO: 0
    m_PVREnvironmentMIS: 1
    m_PVRCulling: 1
    m_PVRFilteringGaussRadiusDirect: 1
    m_PVRFilteringGaussRadiusIndirect: 5
    m_PVRFilteringGaussRadiusAO: 2
    m_PVRFilteringAtrousPositionSigmaDirect: 0.5
    m_PVRFilteringAtrousPositionSigmaIndirect: 2
    m_PVRFilteringAtrousPositionSigmaAO: 1
    m_ExportTrainingData: 0
    m_TrainingDataDestination: TrainingData
    m_LightProbeSampleCountMultiplier: 4
  m_LightingDataAsset: {fileID: 0}
  m_LightingSettings: {fileID: 0}
--- !u!196 &4
NavMeshSettings:
  serializedVersion: 2
  m_ObjectHideFlags: 0
  m_BuildSettings:
    serializedVersion: 2
    agentTypeID: 0
    agentRadius: 0.5
    agentHeight: 2
    agentSlope: 45
    agentClimb: 0.4
    ledgeDropHeight: 0
    maxJumpAcrossDistance: 0
    minRegionArea: 2
    manualCellSize: 0
    cellSize: 0.16666667
    manualTileSize: 0
    tileSize: 256
    accuratePlacement: 0
    maxJobWorkers: 0
    preserveTilesOutsideBounds: 0
    debug:
      m_Flags: 0
  m_NavMeshData: {fileID: 0}
--- !u!114 &955696406 stripped
MonoBehaviour:
  m_CorrespondingSourceObject: {fileID: 2729263602088803071, guid: 67df7ff3ccc0ca94fbd55855e7e5e2f5, type: 3}
  m_PrefabInstance: {fileID: 2729263601672077289}
  m_PrefabAsset: {fileID: 0}
  m_GameObject: {fileID: 0}
  m_Enabled: 1
  m_EditorHideFlags: 0
  m_Script: {fileID: 11500000, guid: da07529b5f4e5914e8b2184170009fc7, type: 3}
  m_Name: 
  m_EditorClassIdentifier: 
--- !u!114 &1402121317 stripped
MonoBehaviour:
  m_CorrespondingSourceObject: {fileID: 7419370768352898798, guid: 970738af6b7936f4da4806d219db004e, type: 3}
  m_PrefabInstance: {fileID: 7419370769735860875}
  m_PrefabAsset: {fileID: 0}
  m_GameObject: {fileID: 0}
  m_Enabled: 1
  m_EditorHideFlags: 0
  m_Script: {fileID: 11500000, guid: c3f7ffe384a4cc14588f56d92d7d17e3, type: 3}
  m_Name: 
  m_EditorClassIdentifier: 
--- !u!114 &2077943804 stripped
MonoBehaviour:
  m_CorrespondingSourceObject: {fileID: 6552325526065600717, guid: 90c0c81574470674a9697571176157f4, type: 3}
  m_PrefabInstance: {fileID: 6552325526739468081}
  m_PrefabAsset: {fileID: 0}
  m_GameObject: {fileID: 0}
  m_Enabled: 1
  m_EditorHideFlags: 0
  m_Script: {fileID: 11500000, guid: c3f7ffe384a4cc14588f56d92d7d17e3, type: 3}
  m_Name: 
  m_EditorClassIdentifier: 
--- !u!1 &2145791728
GameObject:
  m_ObjectHideFlags: 0
  m_CorrespondingSourceObject: {fileID: 0}
  m_PrefabInstance: {fileID: 0}
  m_PrefabAsset: {fileID: 0}
  serializedVersion: 6
  m_Component:
  - component: {fileID: 2145791731}
  - component: {fileID: 2145791730}
  - component: {fileID: 2145791729}
  m_Layer: 0
  m_Name: EventSystem
  m_TagString: Untagged
  m_Icon: {fileID: 0}
  m_NavMeshLayer: 0
  m_StaticEditorFlags: 0
  m_IsActive: 1
--- !u!114 &2145791729
MonoBehaviour:
  m_ObjectHideFlags: 0
  m_CorrespondingSourceObject: {fileID: 0}
  m_PrefabInstance: {fileID: 0}
  m_PrefabAsset: {fileID: 0}
  m_GameObject: {fileID: 2145791728}
  m_Enabled: 1
  m_EditorHideFlags: 0
  m_Script: {fileID: 11500000, guid: 01614664b831546d2ae94a42149d80ac, type: 3}
  m_Name: 
  m_EditorClassIdentifier: 
  m_MoveRepeatDelay: 0.5
  m_MoveRepeatRate: 0.1
  m_ActionsAsset: {fileID: -944628639613478452, guid: 15c54eba130081548a07f08e8b0237b0, type: 3}
  m_PointAction: {fileID: -6736943605778110686, guid: 15c54eba130081548a07f08e8b0237b0, type: 3}
  m_MoveAction: {fileID: -2732150576911213270, guid: 15c54eba130081548a07f08e8b0237b0, type: 3}
  m_SubmitAction: {fileID: 4262963767816912602, guid: 15c54eba130081548a07f08e8b0237b0, type: 3}
  m_CancelAction: {fileID: -8813881595107266388, guid: 15c54eba130081548a07f08e8b0237b0, type: 3}
  m_LeftClickAction: {fileID: -7136352518736894159, guid: 15c54eba130081548a07f08e8b0237b0, type: 3}
  m_MiddleClickAction: {fileID: 0}
  m_RightClickAction: {fileID: 0}
  m_ScrollWheelAction: {fileID: 8990031301022656676, guid: 15c54eba130081548a07f08e8b0237b0, type: 3}
  m_TrackedDevicePositionAction: {fileID: 0}
  m_TrackedDeviceOrientationAction: {fileID: 0}
  m_DeselectOnBackgroundClick: 1
  m_PointerBehavior: 0
--- !u!114 &2145791730
MonoBehaviour:
  m_ObjectHideFlags: 0
  m_CorrespondingSourceObject: {fileID: 0}
  m_PrefabInstance: {fileID: 0}
  m_PrefabAsset: {fileID: 0}
  m_GameObject: {fileID: 2145791728}
  m_Enabled: 1
  m_EditorHideFlags: 0
  m_Script: {fileID: 11500000, guid: 76c392e42b5098c458856cdf6ecaaaa1, type: 3}
  m_Name: 
  m_EditorClassIdentifier: 
  m_FirstSelected: {fileID: 0}
  m_sendNavigationEvents: 1
  m_DragThreshold: 10
--- !u!4 &2145791731
Transform:
  m_ObjectHideFlags: 0
  m_CorrespondingSourceObject: {fileID: 0}
  m_PrefabInstance: {fileID: 0}
  m_PrefabAsset: {fileID: 0}
  m_GameObject: {fileID: 2145791728}
  m_LocalRotation: {x: 0, y: 0, z: 0, w: 1}
  m_LocalPosition: {x: 0, y: 0, z: 0}
  m_LocalScale: {x: 1, y: 1, z: 1}
  m_Children: []
  m_Father: {fileID: 0}
  m_RootOrder: 13
  m_LocalEulerAnglesHint: {x: 0, y: 0, z: 0}
--- !u!1001 &58087969063810444
PrefabInstance:
  m_ObjectHideFlags: 0
  serializedVersion: 2
  m_Modification:
    m_TransformParent: {fileID: 0}
    m_Modifications:
    - target: {fileID: 40640028217260668, guid: ced3d09fc7593174787cad9ef3ac90a4, type: 3}
      propertyPath: m_AnchorMax.y
      value: 0
      objectReference: {fileID: 0}
    - target: {fileID: 40640028217260668, guid: ced3d09fc7593174787cad9ef3ac90a4, type: 3}
      propertyPath: m_AnchorMin.y
      value: 0
      objectReference: {fileID: 0}
    - target: {fileID: 40640028217260668, guid: ced3d09fc7593174787cad9ef3ac90a4, type: 3}
      propertyPath: m_SizeDelta.x
      value: 0
      objectReference: {fileID: 0}
    - target: {fileID: 40640028217260668, guid: ced3d09fc7593174787cad9ef3ac90a4, type: 3}
      propertyPath: m_AnchoredPosition.x
      value: 0
      objectReference: {fileID: 0}
    - target: {fileID: 40640028217260668, guid: ced3d09fc7593174787cad9ef3ac90a4, type: 3}
      propertyPath: m_AnchoredPosition.y
      value: 0
      objectReference: {fileID: 0}
    - target: {fileID: 58087969671956689, guid: ced3d09fc7593174787cad9ef3ac90a4, type: 3}
      propertyPath: m_Pivot.x
      value: 0
      objectReference: {fileID: 0}
    - target: {fileID: 58087969671956689, guid: ced3d09fc7593174787cad9ef3ac90a4, type: 3}
      propertyPath: m_Pivot.y
      value: 0
      objectReference: {fileID: 0}
    - target: {fileID: 58087969671956689, guid: ced3d09fc7593174787cad9ef3ac90a4, type: 3}
      propertyPath: m_RootOrder
      value: 0
      objectReference: {fileID: 0}
    - target: {fileID: 58087969671956689, guid: ced3d09fc7593174787cad9ef3ac90a4, type: 3}
      propertyPath: m_AnchorMax.x
      value: 0
      objectReference: {fileID: 0}
    - target: {fileID: 58087969671956689, guid: ced3d09fc7593174787cad9ef3ac90a4, type: 3}
      propertyPath: m_AnchorMax.y
      value: 0
      objectReference: {fileID: 0}
    - target: {fileID: 58087969671956689, guid: ced3d09fc7593174787cad9ef3ac90a4, type: 3}
      propertyPath: m_AnchorMin.x
      value: 0
      objectReference: {fileID: 0}
    - target: {fileID: 58087969671956689, guid: ced3d09fc7593174787cad9ef3ac90a4, type: 3}
      propertyPath: m_AnchorMin.y
      value: 0
      objectReference: {fileID: 0}
    - target: {fileID: 58087969671956689, guid: ced3d09fc7593174787cad9ef3ac90a4, type: 3}
      propertyPath: m_SizeDelta.x
      value: 0
      objectReference: {fileID: 0}
    - target: {fileID: 58087969671956689, guid: ced3d09fc7593174787cad9ef3ac90a4, type: 3}
      propertyPath: m_SizeDelta.y
      value: 0
      objectReference: {fileID: 0}
    - target: {fileID: 58087969671956689, guid: ced3d09fc7593174787cad9ef3ac90a4, type: 3}
      propertyPath: m_LocalPosition.x
      value: 0
      objectReference: {fileID: 0}
    - target: {fileID: 58087969671956689, guid: ced3d09fc7593174787cad9ef3ac90a4, type: 3}
      propertyPath: m_LocalPosition.y
      value: 0
      objectReference: {fileID: 0}
    - target: {fileID: 58087969671956689, guid: ced3d09fc7593174787cad9ef3ac90a4, type: 3}
      propertyPath: m_LocalPosition.z
      value: 0
      objectReference: {fileID: 0}
    - target: {fileID: 58087969671956689, guid: ced3d09fc7593174787cad9ef3ac90a4, type: 3}
      propertyPath: m_LocalRotation.w
      value: 1
      objectReference: {fileID: 0}
    - target: {fileID: 58087969671956689, guid: ced3d09fc7593174787cad9ef3ac90a4, type: 3}
      propertyPath: m_LocalRotation.x
      value: 0
      objectReference: {fileID: 0}
    - target: {fileID: 58087969671956689, guid: ced3d09fc7593174787cad9ef3ac90a4, type: 3}
      propertyPath: m_LocalRotation.y
      value: 0
      objectReference: {fileID: 0}
    - target: {fileID: 58087969671956689, guid: ced3d09fc7593174787cad9ef3ac90a4, type: 3}
      propertyPath: m_LocalRotation.z
      value: 0
      objectReference: {fileID: 0}
    - target: {fileID: 58087969671956689, guid: ced3d09fc7593174787cad9ef3ac90a4, type: 3}
      propertyPath: m_AnchoredPosition.x
      value: 0
      objectReference: {fileID: 0}
    - target: {fileID: 58087969671956689, guid: ced3d09fc7593174787cad9ef3ac90a4, type: 3}
      propertyPath: m_AnchoredPosition.y
      value: 0
      objectReference: {fileID: 0}
    - target: {fileID: 58087969671956689, guid: ced3d09fc7593174787cad9ef3ac90a4, type: 3}
      propertyPath: m_LocalEulerAnglesHint.x
      value: 0
      objectReference: {fileID: 0}
    - target: {fileID: 58087969671956689, guid: ced3d09fc7593174787cad9ef3ac90a4, type: 3}
      propertyPath: m_LocalEulerAnglesHint.y
      value: 0
      objectReference: {fileID: 0}
    - target: {fileID: 58087969671956689, guid: ced3d09fc7593174787cad9ef3ac90a4, type: 3}
      propertyPath: m_LocalEulerAnglesHint.z
      value: 0
      objectReference: {fileID: 0}
    - target: {fileID: 58087969671956693, guid: ced3d09fc7593174787cad9ef3ac90a4, type: 3}
      propertyPath: m_Name
      value: NightCanvas
      objectReference: {fileID: 0}
    - target: {fileID: 58087969671956693, guid: ced3d09fc7593174787cad9ef3ac90a4, type: 3}
      propertyPath: m_IsActive
      value: 1
      objectReference: {fileID: 0}
    - target: {fileID: 58087970039221369, guid: ced3d09fc7593174787cad9ef3ac90a4, type: 3}
      propertyPath: bagMenu
      value: 
      objectReference: {fileID: 7881691608580227662}
    - target: {fileID: 58087970039221369, guid: ced3d09fc7593174787cad9ef3ac90a4, type: 3}
      propertyPath: pauseMenu
      value: 
      objectReference: {fileID: 1402121317}
    - target: {fileID: 132526015746468845, guid: ced3d09fc7593174787cad9ef3ac90a4, type: 3}
      propertyPath: m_AnchorMax.y
      value: 0
      objectReference: {fileID: 0}
    - target: {fileID: 132526015746468845, guid: ced3d09fc7593174787cad9ef3ac90a4, type: 3}
      propertyPath: m_AnchorMin.y
      value: 0
      objectReference: {fileID: 0}
    - target: {fileID: 132526015746468845, guid: ced3d09fc7593174787cad9ef3ac90a4, type: 3}
      propertyPath: m_SizeDelta.x
      value: 0
      objectReference: {fileID: 0}
    - target: {fileID: 132526015746468845, guid: ced3d09fc7593174787cad9ef3ac90a4, type: 3}
      propertyPath: m_AnchoredPosition.x
      value: 0
      objectReference: {fileID: 0}
    - target: {fileID: 132526015746468845, guid: ced3d09fc7593174787cad9ef3ac90a4, type: 3}
      propertyPath: m_AnchoredPosition.y
      value: 0
      objectReference: {fileID: 0}
    - target: {fileID: 219164219216679665, guid: ced3d09fc7593174787cad9ef3ac90a4, type: 3}
      propertyPath: m_AnchorMax.y
      value: 0
      objectReference: {fileID: 0}
    - target: {fileID: 219164219216679665, guid: ced3d09fc7593174787cad9ef3ac90a4, type: 3}
      propertyPath: m_AnchorMin.y
      value: 0
      objectReference: {fileID: 0}
    - target: {fileID: 219164219216679665, guid: ced3d09fc7593174787cad9ef3ac90a4, type: 3}
      propertyPath: m_SizeDelta.x
      value: 0
      objectReference: {fileID: 0}
    - target: {fileID: 219164219216679665, guid: ced3d09fc7593174787cad9ef3ac90a4, type: 3}
      propertyPath: m_AnchoredPosition.x
      value: 0
      objectReference: {fileID: 0}
    - target: {fileID: 219164219216679665, guid: ced3d09fc7593174787cad9ef3ac90a4, type: 3}
      propertyPath: m_AnchoredPosition.y
      value: 0
      objectReference: {fileID: 0}
    - target: {fileID: 1838804753617020701, guid: ced3d09fc7593174787cad9ef3ac90a4, type: 3}
      propertyPath: m_AnchorMax.y
      value: 0
      objectReference: {fileID: 0}
    - target: {fileID: 1838804753617020701, guid: ced3d09fc7593174787cad9ef3ac90a4, type: 3}
      propertyPath: m_AnchorMin.y
      value: 0
      objectReference: {fileID: 0}
    - target: {fileID: 1838804753617020701, guid: ced3d09fc7593174787cad9ef3ac90a4, type: 3}
      propertyPath: m_SizeDelta.x
      value: 0
      objectReference: {fileID: 0}
    - target: {fileID: 1838804753617020701, guid: ced3d09fc7593174787cad9ef3ac90a4, type: 3}
      propertyPath: m_AnchoredPosition.x
      value: 0
      objectReference: {fileID: 0}
    - target: {fileID: 1838804753617020701, guid: ced3d09fc7593174787cad9ef3ac90a4, type: 3}
      propertyPath: m_AnchoredPosition.y
      value: 0
      objectReference: {fileID: 0}
    - target: {fileID: 2464597239883208652, guid: ced3d09fc7593174787cad9ef3ac90a4, type: 3}
      propertyPath: m_AnchorMax.y
      value: 0
      objectReference: {fileID: 0}
    - target: {fileID: 2464597239883208652, guid: ced3d09fc7593174787cad9ef3ac90a4, type: 3}
      propertyPath: m_AnchorMin.y
      value: 0
      objectReference: {fileID: 0}
    - target: {fileID: 2464597239883208652, guid: ced3d09fc7593174787cad9ef3ac90a4, type: 3}
      propertyPath: m_SizeDelta.x
      value: 0
      objectReference: {fileID: 0}
    - target: {fileID: 2464597239883208652, guid: ced3d09fc7593174787cad9ef3ac90a4, type: 3}
      propertyPath: m_AnchoredPosition.x
      value: 0
      objectReference: {fileID: 0}
    - target: {fileID: 2464597239883208652, guid: ced3d09fc7593174787cad9ef3ac90a4, type: 3}
      propertyPath: m_AnchoredPosition.y
      value: 0
      objectReference: {fileID: 0}
    - target: {fileID: 2479862100894580461, guid: ced3d09fc7593174787cad9ef3ac90a4, type: 3}
      propertyPath: m_AnchoredPosition.y
      value: -411.9
      objectReference: {fileID: 0}
    - target: {fileID: 2554297967380547165, guid: ced3d09fc7593174787cad9ef3ac90a4, type: 3}
      propertyPath: m_AnchorMax.y
      value: 0
      objectReference: {fileID: 0}
    - target: {fileID: 2554297967380547165, guid: ced3d09fc7593174787cad9ef3ac90a4, type: 3}
      propertyPath: m_AnchorMin.y
      value: 0
      objectReference: {fileID: 0}
    - target: {fileID: 2554297967380547165, guid: ced3d09fc7593174787cad9ef3ac90a4, type: 3}
      propertyPath: m_SizeDelta.x
      value: 0
      objectReference: {fileID: 0}
    - target: {fileID: 2554297967380547165, guid: ced3d09fc7593174787cad9ef3ac90a4, type: 3}
      propertyPath: m_AnchoredPosition.x
      value: 0
      objectReference: {fileID: 0}
    - target: {fileID: 2554297967380547165, guid: ced3d09fc7593174787cad9ef3ac90a4, type: 3}
      propertyPath: m_AnchoredPosition.y
      value: 0
      objectReference: {fileID: 0}
    - target: {fileID: 2862302748369295320, guid: ced3d09fc7593174787cad9ef3ac90a4, type: 3}
      propertyPath: m_AnchorMax.y
      value: 0
      objectReference: {fileID: 0}
    - target: {fileID: 2862302748369295320, guid: ced3d09fc7593174787cad9ef3ac90a4, type: 3}
      propertyPath: m_AnchorMin.y
      value: 0
      objectReference: {fileID: 0}
    - target: {fileID: 2862302748369295320, guid: ced3d09fc7593174787cad9ef3ac90a4, type: 3}
      propertyPath: m_SizeDelta.x
      value: 0
      objectReference: {fileID: 0}
    - target: {fileID: 2862302748369295320, guid: ced3d09fc7593174787cad9ef3ac90a4, type: 3}
      propertyPath: m_AnchoredPosition.x
      value: 0
      objectReference: {fileID: 0}
    - target: {fileID: 2862302748369295320, guid: ced3d09fc7593174787cad9ef3ac90a4, type: 3}
      propertyPath: m_AnchoredPosition.y
      value: 0
      objectReference: {fileID: 0}
    - target: {fileID: 6480156232510204350, guid: ced3d09fc7593174787cad9ef3ac90a4, type: 3}
      propertyPath: m_AnchorMax.y
      value: 0
      objectReference: {fileID: 0}
    - target: {fileID: 6480156232510204350, guid: ced3d09fc7593174787cad9ef3ac90a4, type: 3}
      propertyPath: m_AnchorMin.y
      value: 0
      objectReference: {fileID: 0}
    - target: {fileID: 6480156232510204350, guid: ced3d09fc7593174787cad9ef3ac90a4, type: 3}
      propertyPath: m_SizeDelta.x
      value: 0
      objectReference: {fileID: 0}
    - target: {fileID: 6480156232510204350, guid: ced3d09fc7593174787cad9ef3ac90a4, type: 3}
      propertyPath: m_AnchoredPosition.x
      value: 0
      objectReference: {fileID: 0}
    - target: {fileID: 6480156232510204350, guid: ced3d09fc7593174787cad9ef3ac90a4, type: 3}
      propertyPath: m_AnchoredPosition.y
      value: 0
      objectReference: {fileID: 0}
    - target: {fileID: 6485913014227798485, guid: ced3d09fc7593174787cad9ef3ac90a4, type: 3}
      propertyPath: m_AnchorMax.y
      value: 0
      objectReference: {fileID: 0}
    - target: {fileID: 6485913014227798485, guid: ced3d09fc7593174787cad9ef3ac90a4, type: 3}
      propertyPath: m_AnchorMin.y
      value: 0
      objectReference: {fileID: 0}
    - target: {fileID: 6485913014227798485, guid: ced3d09fc7593174787cad9ef3ac90a4, type: 3}
      propertyPath: m_SizeDelta.x
      value: 0
      objectReference: {fileID: 0}
    - target: {fileID: 6485913014227798485, guid: ced3d09fc7593174787cad9ef3ac90a4, type: 3}
      propertyPath: m_AnchoredPosition.x
      value: 0
      objectReference: {fileID: 0}
    - target: {fileID: 6485913014227798485, guid: ced3d09fc7593174787cad9ef3ac90a4, type: 3}
      propertyPath: m_AnchoredPosition.y
      value: 0
      objectReference: {fileID: 0}
    - target: {fileID: 7017467125992864148, guid: ced3d09fc7593174787cad9ef3ac90a4, type: 3}
      propertyPath: m_AnchorMax.y
      value: 0
      objectReference: {fileID: 0}
    - target: {fileID: 7017467125992864148, guid: ced3d09fc7593174787cad9ef3ac90a4, type: 3}
      propertyPath: m_AnchorMin.y
      value: 0
      objectReference: {fileID: 0}
    - target: {fileID: 7017467125992864148, guid: ced3d09fc7593174787cad9ef3ac90a4, type: 3}
      propertyPath: m_SizeDelta.x
      value: 0
      objectReference: {fileID: 0}
    - target: {fileID: 7017467125992864148, guid: ced3d09fc7593174787cad9ef3ac90a4, type: 3}
      propertyPath: m_AnchoredPosition.x
      value: 0
      objectReference: {fileID: 0}
    - target: {fileID: 7017467125992864148, guid: ced3d09fc7593174787cad9ef3ac90a4, type: 3}
      propertyPath: m_AnchoredPosition.y
      value: 0
      objectReference: {fileID: 0}
    - target: {fileID: 8693904718898472037, guid: ced3d09fc7593174787cad9ef3ac90a4, type: 3}
      propertyPath: m_AnchorMax.y
      value: 0
      objectReference: {fileID: 0}
    - target: {fileID: 8693904718898472037, guid: ced3d09fc7593174787cad9ef3ac90a4, type: 3}
      propertyPath: m_AnchorMin.y
      value: 0
      objectReference: {fileID: 0}
    - target: {fileID: 8693904718898472037, guid: ced3d09fc7593174787cad9ef3ac90a4, type: 3}
      propertyPath: m_SizeDelta.x
      value: 0
      objectReference: {fileID: 0}
    - target: {fileID: 8693904718898472037, guid: ced3d09fc7593174787cad9ef3ac90a4, type: 3}
      propertyPath: m_AnchoredPosition.x
      value: 0
      objectReference: {fileID: 0}
    - target: {fileID: 8693904718898472037, guid: ced3d09fc7593174787cad9ef3ac90a4, type: 3}
      propertyPath: m_AnchoredPosition.y
      value: 0
      objectReference: {fileID: 0}
    - target: {fileID: 9086676749365819539, guid: ced3d09fc7593174787cad9ef3ac90a4, type: 3}
      propertyPath: m_AnchorMax.y
      value: 0
      objectReference: {fileID: 0}
    - target: {fileID: 9086676749365819539, guid: ced3d09fc7593174787cad9ef3ac90a4, type: 3}
      propertyPath: m_AnchorMin.y
      value: 0
      objectReference: {fileID: 0}
    - target: {fileID: 9086676749365819539, guid: ced3d09fc7593174787cad9ef3ac90a4, type: 3}
      propertyPath: m_SizeDelta.x
      value: 0
      objectReference: {fileID: 0}
    - target: {fileID: 9086676749365819539, guid: ced3d09fc7593174787cad9ef3ac90a4, type: 3}
      propertyPath: m_AnchoredPosition.x
      value: 0
      objectReference: {fileID: 0}
    - target: {fileID: 9086676749365819539, guid: ced3d09fc7593174787cad9ef3ac90a4, type: 3}
      propertyPath: m_AnchoredPosition.y
      value: 0
      objectReference: {fileID: 0}
    m_RemovedComponents: []
  m_SourcePrefab: {fileID: 100100000, guid: ced3d09fc7593174787cad9ef3ac90a4, type: 3}
--- !u!1001 &212165356912402060
PrefabInstance:
  m_ObjectHideFlags: 0
  serializedVersion: 2
  m_Modification:
    m_TransformParent: {fileID: 0}
    m_Modifications:
    - target: {fileID: 189129240984643948, guid: 2e30daa35c56f9b4da501ff6ebc3b8a4, type: 3}
      propertyPath: m_AnchorMax.y
      value: 0
      objectReference: {fileID: 0}
    - target: {fileID: 189129240984643948, guid: 2e30daa35c56f9b4da501ff6ebc3b8a4, type: 3}
      propertyPath: m_AnchorMin.y
      value: 0
      objectReference: {fileID: 0}
    - target: {fileID: 189129240984643948, guid: 2e30daa35c56f9b4da501ff6ebc3b8a4, type: 3}
      propertyPath: m_AnchoredPosition.x
      value: 0
      objectReference: {fileID: 0}
    - target: {fileID: 189129240984643948, guid: 2e30daa35c56f9b4da501ff6ebc3b8a4, type: 3}
      propertyPath: m_AnchoredPosition.y
      value: 0
      objectReference: {fileID: 0}
    - target: {fileID: 212165356498988261, guid: 2e30daa35c56f9b4da501ff6ebc3b8a4, type: 3}
      propertyPath: m_AnchorMax.y
      value: 0
      objectReference: {fileID: 0}
    - target: {fileID: 212165356498988261, guid: 2e30daa35c56f9b4da501ff6ebc3b8a4, type: 3}
      propertyPath: m_AnchorMin.y
      value: 0
      objectReference: {fileID: 0}
    - target: {fileID: 212165356498988261, guid: 2e30daa35c56f9b4da501ff6ebc3b8a4, type: 3}
      propertyPath: m_AnchoredPosition.x
      value: 0
      objectReference: {fileID: 0}
    - target: {fileID: 212165356498988261, guid: 2e30daa35c56f9b4da501ff6ebc3b8a4, type: 3}
      propertyPath: m_AnchoredPosition.y
      value: 0
      objectReference: {fileID: 0}
    - target: {fileID: 212165357357229248, guid: 2e30daa35c56f9b4da501ff6ebc3b8a4, type: 3}
      propertyPath: m_AnchorMax.y
      value: 0
      objectReference: {fileID: 0}
    - target: {fileID: 212165357357229248, guid: 2e30daa35c56f9b4da501ff6ebc3b8a4, type: 3}
      propertyPath: m_AnchorMin.y
      value: 0
      objectReference: {fileID: 0}
    - target: {fileID: 212165357357229248, guid: 2e30daa35c56f9b4da501ff6ebc3b8a4, type: 3}
      propertyPath: m_AnchoredPosition.x
      value: 0
      objectReference: {fileID: 0}
    - target: {fileID: 212165357357229248, guid: 2e30daa35c56f9b4da501ff6ebc3b8a4, type: 3}
      propertyPath: m_AnchoredPosition.y
      value: 0
      objectReference: {fileID: 0}
    - target: {fileID: 212165357736238418, guid: 2e30daa35c56f9b4da501ff6ebc3b8a4, type: 3}
      propertyPath: m_Pivot.x
      value: 0
      objectReference: {fileID: 0}
    - target: {fileID: 212165357736238418, guid: 2e30daa35c56f9b4da501ff6ebc3b8a4, type: 3}
      propertyPath: m_Pivot.y
      value: 0
      objectReference: {fileID: 0}
    - target: {fileID: 212165357736238418, guid: 2e30daa35c56f9b4da501ff6ebc3b8a4, type: 3}
      propertyPath: m_RootOrder
      value: 7
      objectReference: {fileID: 0}
    - target: {fileID: 212165357736238418, guid: 2e30daa35c56f9b4da501ff6ebc3b8a4, type: 3}
      propertyPath: m_AnchorMax.x
      value: 0
      objectReference: {fileID: 0}
    - target: {fileID: 212165357736238418, guid: 2e30daa35c56f9b4da501ff6ebc3b8a4, type: 3}
      propertyPath: m_AnchorMax.y
      value: 0
      objectReference: {fileID: 0}
    - target: {fileID: 212165357736238418, guid: 2e30daa35c56f9b4da501ff6ebc3b8a4, type: 3}
      propertyPath: m_AnchorMin.x
      value: 0
      objectReference: {fileID: 0}
    - target: {fileID: 212165357736238418, guid: 2e30daa35c56f9b4da501ff6ebc3b8a4, type: 3}
      propertyPath: m_AnchorMin.y
      value: 0
      objectReference: {fileID: 0}
    - target: {fileID: 212165357736238418, guid: 2e30daa35c56f9b4da501ff6ebc3b8a4, type: 3}
      propertyPath: m_SizeDelta.x
      value: 0
      objectReference: {fileID: 0}
    - target: {fileID: 212165357736238418, guid: 2e30daa35c56f9b4da501ff6ebc3b8a4, type: 3}
      propertyPath: m_SizeDelta.y
      value: 0
      objectReference: {fileID: 0}
    - target: {fileID: 212165357736238418, guid: 2e30daa35c56f9b4da501ff6ebc3b8a4, type: 3}
      propertyPath: m_LocalPosition.x
      value: 0
      objectReference: {fileID: 0}
    - target: {fileID: 212165357736238418, guid: 2e30daa35c56f9b4da501ff6ebc3b8a4, type: 3}
      propertyPath: m_LocalPosition.y
      value: 0
      objectReference: {fileID: 0}
    - target: {fileID: 212165357736238418, guid: 2e30daa35c56f9b4da501ff6ebc3b8a4, type: 3}
      propertyPath: m_LocalPosition.z
      value: 0
      objectReference: {fileID: 0}
    - target: {fileID: 212165357736238418, guid: 2e30daa35c56f9b4da501ff6ebc3b8a4, type: 3}
      propertyPath: m_LocalRotation.w
      value: 1
      objectReference: {fileID: 0}
    - target: {fileID: 212165357736238418, guid: 2e30daa35c56f9b4da501ff6ebc3b8a4, type: 3}
      propertyPath: m_LocalRotation.x
      value: 0
      objectReference: {fileID: 0}
    - target: {fileID: 212165357736238418, guid: 2e30daa35c56f9b4da501ff6ebc3b8a4, type: 3}
      propertyPath: m_LocalRotation.y
      value: 0
      objectReference: {fileID: 0}
    - target: {fileID: 212165357736238418, guid: 2e30daa35c56f9b4da501ff6ebc3b8a4, type: 3}
      propertyPath: m_LocalRotation.z
      value: 0
      objectReference: {fileID: 0}
    - target: {fileID: 212165357736238418, guid: 2e30daa35c56f9b4da501ff6ebc3b8a4, type: 3}
      propertyPath: m_AnchoredPosition.x
      value: 0
      objectReference: {fileID: 0}
    - target: {fileID: 212165357736238418, guid: 2e30daa35c56f9b4da501ff6ebc3b8a4, type: 3}
      propertyPath: m_AnchoredPosition.y
      value: 0
      objectReference: {fileID: 0}
    - target: {fileID: 212165357736238418, guid: 2e30daa35c56f9b4da501ff6ebc3b8a4, type: 3}
      propertyPath: m_LocalEulerAnglesHint.x
      value: 0
      objectReference: {fileID: 0}
    - target: {fileID: 212165357736238418, guid: 2e30daa35c56f9b4da501ff6ebc3b8a4, type: 3}
      propertyPath: m_LocalEulerAnglesHint.y
      value: 0
      objectReference: {fileID: 0}
    - target: {fileID: 212165357736238418, guid: 2e30daa35c56f9b4da501ff6ebc3b8a4, type: 3}
      propertyPath: m_LocalEulerAnglesHint.z
      value: 0
      objectReference: {fileID: 0}
    - target: {fileID: 212165357736238421, guid: 2e30daa35c56f9b4da501ff6ebc3b8a4, type: 3}
      propertyPath: m_Name
      value: MainMenuCanvas
      objectReference: {fileID: 0}
    - target: {fileID: 212165357736238421, guid: 2e30daa35c56f9b4da501ff6ebc3b8a4, type: 3}
      propertyPath: m_IsActive
      value: 1
      objectReference: {fileID: 0}
    - target: {fileID: 212165358318562756, guid: 2e30daa35c56f9b4da501ff6ebc3b8a4, type: 3}
      propertyPath: eventSystem
      value: 
      objectReference: {fileID: 2145791730}
    - target: {fileID: 212165358318562756, guid: 2e30daa35c56f9b4da501ff6ebc3b8a4, type: 3}
      propertyPath: controlsMenuController
      value: 
      objectReference: {fileID: 955696406}
    - target: {fileID: 2997849812877703490, guid: 2e30daa35c56f9b4da501ff6ebc3b8a4, type: 3}
      propertyPath: m_AnchorMax.y
      value: 0
      objectReference: {fileID: 0}
    - target: {fileID: 2997849812877703490, guid: 2e30daa35c56f9b4da501ff6ebc3b8a4, type: 3}
      propertyPath: m_AnchorMin.y
      value: 0
      objectReference: {fileID: 0}
    - target: {fileID: 2997849812877703490, guid: 2e30daa35c56f9b4da501ff6ebc3b8a4, type: 3}
      propertyPath: m_AnchoredPosition.x
      value: 0
      objectReference: {fileID: 0}
    - target: {fileID: 2997849812877703490, guid: 2e30daa35c56f9b4da501ff6ebc3b8a4, type: 3}
      propertyPath: m_AnchoredPosition.y
      value: 0
      objectReference: {fileID: 0}
    - target: {fileID: 3086249927163361074, guid: 2e30daa35c56f9b4da501ff6ebc3b8a4, type: 3}
      propertyPath: m_AnchorMax.y
      value: 0
      objectReference: {fileID: 0}
    - target: {fileID: 3086249927163361074, guid: 2e30daa35c56f9b4da501ff6ebc3b8a4, type: 3}
      propertyPath: m_AnchorMin.y
      value: 0
      objectReference: {fileID: 0}
    - target: {fileID: 3086249927163361074, guid: 2e30daa35c56f9b4da501ff6ebc3b8a4, type: 3}
      propertyPath: m_AnchoredPosition.x
      value: 0
      objectReference: {fileID: 0}
    - target: {fileID: 3086249927163361074, guid: 2e30daa35c56f9b4da501ff6ebc3b8a4, type: 3}
      propertyPath: m_AnchoredPosition.y
      value: 0
      objectReference: {fileID: 0}
    m_RemovedComponents: []
  m_SourcePrefab: {fileID: 100100000, guid: 2e30daa35c56f9b4da501ff6ebc3b8a4, type: 3}
--- !u!1001 &658895122799707096
PrefabInstance:
  m_ObjectHideFlags: 0
  serializedVersion: 2
  m_Modification:
    m_TransformParent: {fileID: 0}
    m_Modifications:
    - target: {fileID: 2064187576245680145, guid: 299f6fe17e5f1f441b5f856cd8ffcd77, type: 3}
      propertyPath: m_Pivot.x
      value: 0
      objectReference: {fileID: 0}
    - target: {fileID: 2064187576245680145, guid: 299f6fe17e5f1f441b5f856cd8ffcd77, type: 3}
      propertyPath: m_Pivot.y
      value: 0
      objectReference: {fileID: 0}
    - target: {fileID: 2064187576245680145, guid: 299f6fe17e5f1f441b5f856cd8ffcd77, type: 3}
      propertyPath: m_RootOrder
      value: 12
      objectReference: {fileID: 0}
    - target: {fileID: 2064187576245680145, guid: 299f6fe17e5f1f441b5f856cd8ffcd77, type: 3}
      propertyPath: m_AnchorMax.x
      value: 0
      objectReference: {fileID: 0}
    - target: {fileID: 2064187576245680145, guid: 299f6fe17e5f1f441b5f856cd8ffcd77, type: 3}
      propertyPath: m_AnchorMax.y
      value: 0
      objectReference: {fileID: 0}
    - target: {fileID: 2064187576245680145, guid: 299f6fe17e5f1f441b5f856cd8ffcd77, type: 3}
      propertyPath: m_AnchorMin.x
      value: 0
      objectReference: {fileID: 0}
    - target: {fileID: 2064187576245680145, guid: 299f6fe17e5f1f441b5f856cd8ffcd77, type: 3}
      propertyPath: m_AnchorMin.y
      value: 0
      objectReference: {fileID: 0}
    - target: {fileID: 2064187576245680145, guid: 299f6fe17e5f1f441b5f856cd8ffcd77, type: 3}
      propertyPath: m_SizeDelta.x
      value: 0
      objectReference: {fileID: 0}
    - target: {fileID: 2064187576245680145, guid: 299f6fe17e5f1f441b5f856cd8ffcd77, type: 3}
      propertyPath: m_SizeDelta.y
      value: 0
      objectReference: {fileID: 0}
    - target: {fileID: 2064187576245680145, guid: 299f6fe17e5f1f441b5f856cd8ffcd77, type: 3}
      propertyPath: m_LocalPosition.x
      value: 0
      objectReference: {fileID: 0}
    - target: {fileID: 2064187576245680145, guid: 299f6fe17e5f1f441b5f856cd8ffcd77, type: 3}
      propertyPath: m_LocalPosition.y
      value: 0
      objectReference: {fileID: 0}
    - target: {fileID: 2064187576245680145, guid: 299f6fe17e5f1f441b5f856cd8ffcd77, type: 3}
      propertyPath: m_LocalPosition.z
      value: 0
      objectReference: {fileID: 0}
    - target: {fileID: 2064187576245680145, guid: 299f6fe17e5f1f441b5f856cd8ffcd77, type: 3}
      propertyPath: m_LocalRotation.w
      value: 1
      objectReference: {fileID: 0}
    - target: {fileID: 2064187576245680145, guid: 299f6fe17e5f1f441b5f856cd8ffcd77, type: 3}
      propertyPath: m_LocalRotation.x
      value: 0
      objectReference: {fileID: 0}
    - target: {fileID: 2064187576245680145, guid: 299f6fe17e5f1f441b5f856cd8ffcd77, type: 3}
      propertyPath: m_LocalRotation.y
      value: 0
      objectReference: {fileID: 0}
    - target: {fileID: 2064187576245680145, guid: 299f6fe17e5f1f441b5f856cd8ffcd77, type: 3}
      propertyPath: m_LocalRotation.z
      value: 0
      objectReference: {fileID: 0}
    - target: {fileID: 2064187576245680145, guid: 299f6fe17e5f1f441b5f856cd8ffcd77, type: 3}
      propertyPath: m_AnchoredPosition.x
      value: 0
      objectReference: {fileID: 0}
    - target: {fileID: 2064187576245680145, guid: 299f6fe17e5f1f441b5f856cd8ffcd77, type: 3}
      propertyPath: m_AnchoredPosition.y
      value: 0
      objectReference: {fileID: 0}
    - target: {fileID: 2064187576245680145, guid: 299f6fe17e5f1f441b5f856cd8ffcd77, type: 3}
      propertyPath: m_LocalEulerAnglesHint.x
      value: 0
      objectReference: {fileID: 0}
    - target: {fileID: 2064187576245680145, guid: 299f6fe17e5f1f441b5f856cd8ffcd77, type: 3}
      propertyPath: m_LocalEulerAnglesHint.y
      value: 0
      objectReference: {fileID: 0}
    - target: {fileID: 2064187576245680145, guid: 299f6fe17e5f1f441b5f856cd8ffcd77, type: 3}
      propertyPath: m_LocalEulerAnglesHint.z
      value: 0
      objectReference: {fileID: 0}
    - target: {fileID: 2064187576245680149, guid: 299f6fe17e5f1f441b5f856cd8ffcd77, type: 3}
      propertyPath: m_Name
      value: JournalCanvas
      objectReference: {fileID: 0}
    - target: {fileID: 2064187576245680149, guid: 299f6fe17e5f1f441b5f856cd8ffcd77, type: 3}
      propertyPath: m_IsActive
      value: 1
      objectReference: {fileID: 0}
    - target: {fileID: 4937268648163018619, guid: 299f6fe17e5f1f441b5f856cd8ffcd77, type: 3}
      propertyPath: m_AnchorMax.y
      value: 0
      objectReference: {fileID: 0}
    - target: {fileID: 4937268648163018619, guid: 299f6fe17e5f1f441b5f856cd8ffcd77, type: 3}
      propertyPath: m_AnchorMin.y
      value: 0
      objectReference: {fileID: 0}
    - target: {fileID: 4937268648163018619, guid: 299f6fe17e5f1f441b5f856cd8ffcd77, type: 3}
      propertyPath: m_SizeDelta.x
      value: 0
      objectReference: {fileID: 0}
    - target: {fileID: 4937268648163018619, guid: 299f6fe17e5f1f441b5f856cd8ffcd77, type: 3}
      propertyPath: m_SizeDelta.y
      value: 0
      objectReference: {fileID: 0}
    - target: {fileID: 4937268648163018619, guid: 299f6fe17e5f1f441b5f856cd8ffcd77, type: 3}
      propertyPath: m_AnchoredPosition.x
      value: 0
      objectReference: {fileID: 0}
    - target: {fileID: 4937268648163018619, guid: 299f6fe17e5f1f441b5f856cd8ffcd77, type: 3}
      propertyPath: m_AnchoredPosition.y
      value: 0
      objectReference: {fileID: 0}
    m_RemovedComponents: []
  m_SourcePrefab: {fileID: 100100000, guid: 299f6fe17e5f1f441b5f856cd8ffcd77, type: 3}
--- !u!114 &658895122799707097 stripped
MonoBehaviour:
  m_CorrespondingSourceObject: {fileID: 2064187575476288688, guid: 299f6fe17e5f1f441b5f856cd8ffcd77, type: 3}
  m_PrefabInstance: {fileID: 658895122799707096}
  m_PrefabAsset: {fileID: 0}
  m_GameObject: {fileID: 0}
  m_Enabled: 1
  m_EditorHideFlags: 0
  m_Script: {fileID: 11500000, guid: 23d72b315d9328a4c9f04305755081cf, type: 3}
  m_Name: 
  m_EditorClassIdentifier: 
--- !u!1001 &739661518940343329
PrefabInstance:
  m_ObjectHideFlags: 0
  serializedVersion: 2
  m_Modification:
    m_TransformParent: {fileID: 0}
    m_Modifications:
    - target: {fileID: 739661520031861071, guid: d5af8603934df86419e00361864af917, type: 3}
      propertyPath: m_Name
      value: GameoverCanvas
      objectReference: {fileID: 0}
    - target: {fileID: 739661520031861071, guid: d5af8603934df86419e00361864af917, type: 3}
      propertyPath: m_IsActive
      value: 1
      objectReference: {fileID: 0}
    - target: {fileID: 739661520031861075, guid: d5af8603934df86419e00361864af917, type: 3}
      propertyPath: m_Pivot.x
      value: 0
      objectReference: {fileID: 0}
    - target: {fileID: 739661520031861075, guid: d5af8603934df86419e00361864af917, type: 3}
      propertyPath: m_Pivot.y
      value: 0
      objectReference: {fileID: 0}
    - target: {fileID: 739661520031861075, guid: d5af8603934df86419e00361864af917, type: 3}
      propertyPath: m_RootOrder
      value: 3
      objectReference: {fileID: 0}
    - target: {fileID: 739661520031861075, guid: d5af8603934df86419e00361864af917, type: 3}
      propertyPath: m_AnchorMax.x
      value: 0
      objectReference: {fileID: 0}
    - target: {fileID: 739661520031861075, guid: d5af8603934df86419e00361864af917, type: 3}
      propertyPath: m_AnchorMax.y
      value: 0
      objectReference: {fileID: 0}
    - target: {fileID: 739661520031861075, guid: d5af8603934df86419e00361864af917, type: 3}
      propertyPath: m_AnchorMin.x
      value: 0
      objectReference: {fileID: 0}
    - target: {fileID: 739661520031861075, guid: d5af8603934df86419e00361864af917, type: 3}
      propertyPath: m_AnchorMin.y
      value: 0
      objectReference: {fileID: 0}
    - target: {fileID: 739661520031861075, guid: d5af8603934df86419e00361864af917, type: 3}
      propertyPath: m_SizeDelta.x
      value: 0
      objectReference: {fileID: 0}
    - target: {fileID: 739661520031861075, guid: d5af8603934df86419e00361864af917, type: 3}
      propertyPath: m_SizeDelta.y
      value: 0
      objectReference: {fileID: 0}
    - target: {fileID: 739661520031861075, guid: d5af8603934df86419e00361864af917, type: 3}
      propertyPath: m_LocalPosition.x
      value: 0
      objectReference: {fileID: 0}
    - target: {fileID: 739661520031861075, guid: d5af8603934df86419e00361864af917, type: 3}
      propertyPath: m_LocalPosition.y
      value: 0
      objectReference: {fileID: 0}
    - target: {fileID: 739661520031861075, guid: d5af8603934df86419e00361864af917, type: 3}
      propertyPath: m_LocalPosition.z
      value: 0
      objectReference: {fileID: 0}
    - target: {fileID: 739661520031861075, guid: d5af8603934df86419e00361864af917, type: 3}
      propertyPath: m_LocalRotation.w
      value: 1
      objectReference: {fileID: 0}
    - target: {fileID: 739661520031861075, guid: d5af8603934df86419e00361864af917, type: 3}
      propertyPath: m_LocalRotation.x
      value: 0
      objectReference: {fileID: 0}
    - target: {fileID: 739661520031861075, guid: d5af8603934df86419e00361864af917, type: 3}
      propertyPath: m_LocalRotation.y
      value: 0
      objectReference: {fileID: 0}
    - target: {fileID: 739661520031861075, guid: d5af8603934df86419e00361864af917, type: 3}
      propertyPath: m_LocalRotation.z
      value: 0
      objectReference: {fileID: 0}
    - target: {fileID: 739661520031861075, guid: d5af8603934df86419e00361864af917, type: 3}
      propertyPath: m_AnchoredPosition.x
      value: 0
      objectReference: {fileID: 0}
    - target: {fileID: 739661520031861075, guid: d5af8603934df86419e00361864af917, type: 3}
      propertyPath: m_AnchoredPosition.y
      value: 0
      objectReference: {fileID: 0}
    - target: {fileID: 739661520031861075, guid: d5af8603934df86419e00361864af917, type: 3}
      propertyPath: m_LocalEulerAnglesHint.x
      value: 0
      objectReference: {fileID: 0}
    - target: {fileID: 739661520031861075, guid: d5af8603934df86419e00361864af917, type: 3}
      propertyPath: m_LocalEulerAnglesHint.y
      value: 0
      objectReference: {fileID: 0}
    - target: {fileID: 739661520031861075, guid: d5af8603934df86419e00361864af917, type: 3}
      propertyPath: m_LocalEulerAnglesHint.z
      value: 0
      objectReference: {fileID: 0}
    m_RemovedComponents: []
  m_SourcePrefab: {fileID: 100100000, guid: d5af8603934df86419e00361864af917, type: 3}
--- !u!1001 &2729263601672077289
PrefabInstance:
  m_ObjectHideFlags: 0
  serializedVersion: 2
  m_Modification:
    m_TransformParent: {fileID: 0}
    m_Modifications:
    - target: {fileID: 2729263603056430538, guid: 67df7ff3ccc0ca94fbd55855e7e5e2f5, type: 3}
      propertyPath: m_Name
      value: ControlsCanvas
      objectReference: {fileID: 0}
    - target: {fileID: 2729263603056430538, guid: 67df7ff3ccc0ca94fbd55855e7e5e2f5, type: 3}
      propertyPath: m_IsActive
      value: 1
      objectReference: {fileID: 0}
    - target: {fileID: 2729263603056430542, guid: 67df7ff3ccc0ca94fbd55855e7e5e2f5, type: 3}
      propertyPath: m_Pivot.x
      value: 0
      objectReference: {fileID: 0}
    - target: {fileID: 2729263603056430542, guid: 67df7ff3ccc0ca94fbd55855e7e5e2f5, type: 3}
      propertyPath: m_Pivot.y
      value: 0
      objectReference: {fileID: 0}
    - target: {fileID: 2729263603056430542, guid: 67df7ff3ccc0ca94fbd55855e7e5e2f5, type: 3}
      propertyPath: m_RootOrder
      value: 10
      objectReference: {fileID: 0}
    - target: {fileID: 2729263603056430542, guid: 67df7ff3ccc0ca94fbd55855e7e5e2f5, type: 3}
      propertyPath: m_AnchorMax.x
      value: 0
      objectReference: {fileID: 0}
    - target: {fileID: 2729263603056430542, guid: 67df7ff3ccc0ca94fbd55855e7e5e2f5, type: 3}
      propertyPath: m_AnchorMax.y
      value: 0
      objectReference: {fileID: 0}
    - target: {fileID: 2729263603056430542, guid: 67df7ff3ccc0ca94fbd55855e7e5e2f5, type: 3}
      propertyPath: m_AnchorMin.x
      value: 0
      objectReference: {fileID: 0}
    - target: {fileID: 2729263603056430542, guid: 67df7ff3ccc0ca94fbd55855e7e5e2f5, type: 3}
      propertyPath: m_AnchorMin.y
      value: 0
      objectReference: {fileID: 0}
    - target: {fileID: 2729263603056430542, guid: 67df7ff3ccc0ca94fbd55855e7e5e2f5, type: 3}
      propertyPath: m_SizeDelta.x
      value: 0
      objectReference: {fileID: 0}
    - target: {fileID: 2729263603056430542, guid: 67df7ff3ccc0ca94fbd55855e7e5e2f5, type: 3}
      propertyPath: m_SizeDelta.y
      value: 0
      objectReference: {fileID: 0}
    - target: {fileID: 2729263603056430542, guid: 67df7ff3ccc0ca94fbd55855e7e5e2f5, type: 3}
      propertyPath: m_LocalPosition.x
      value: 0
      objectReference: {fileID: 0}
    - target: {fileID: 2729263603056430542, guid: 67df7ff3ccc0ca94fbd55855e7e5e2f5, type: 3}
      propertyPath: m_LocalPosition.y
      value: 0
      objectReference: {fileID: 0}
    - target: {fileID: 2729263603056430542, guid: 67df7ff3ccc0ca94fbd55855e7e5e2f5, type: 3}
      propertyPath: m_LocalPosition.z
      value: 0
      objectReference: {fileID: 0}
    - target: {fileID: 2729263603056430542, guid: 67df7ff3ccc0ca94fbd55855e7e5e2f5, type: 3}
      propertyPath: m_LocalRotation.w
      value: 1
      objectReference: {fileID: 0}
    - target: {fileID: 2729263603056430542, guid: 67df7ff3ccc0ca94fbd55855e7e5e2f5, type: 3}
      propertyPath: m_LocalRotation.x
      value: 0
      objectReference: {fileID: 0}
    - target: {fileID: 2729263603056430542, guid: 67df7ff3ccc0ca94fbd55855e7e5e2f5, type: 3}
      propertyPath: m_LocalRotation.y
      value: 0
      objectReference: {fileID: 0}
    - target: {fileID: 2729263603056430542, guid: 67df7ff3ccc0ca94fbd55855e7e5e2f5, type: 3}
      propertyPath: m_LocalRotation.z
      value: 0
      objectReference: {fileID: 0}
    - target: {fileID: 2729263603056430542, guid: 67df7ff3ccc0ca94fbd55855e7e5e2f5, type: 3}
      propertyPath: m_AnchoredPosition.x
      value: 0
      objectReference: {fileID: 0}
    - target: {fileID: 2729263603056430542, guid: 67df7ff3ccc0ca94fbd55855e7e5e2f5, type: 3}
      propertyPath: m_AnchoredPosition.y
      value: 0
      objectReference: {fileID: 0}
    - target: {fileID: 2729263603056430542, guid: 67df7ff3ccc0ca94fbd55855e7e5e2f5, type: 3}
      propertyPath: m_LocalEulerAnglesHint.x
      value: 0
      objectReference: {fileID: 0}
    - target: {fileID: 2729263603056430542, guid: 67df7ff3ccc0ca94fbd55855e7e5e2f5, type: 3}
      propertyPath: m_LocalEulerAnglesHint.y
      value: 0
      objectReference: {fileID: 0}
    - target: {fileID: 2729263603056430542, guid: 67df7ff3ccc0ca94fbd55855e7e5e2f5, type: 3}
      propertyPath: m_LocalEulerAnglesHint.z
      value: 0
      objectReference: {fileID: 0}
    m_RemovedComponents: []
  m_SourcePrefab: {fileID: 100100000, guid: 67df7ff3ccc0ca94fbd55855e7e5e2f5, type: 3}
--- !u!1001 &5430650982101173135
PrefabInstance:
  m_ObjectHideFlags: 0
  serializedVersion: 2
  m_Modification:
    m_TransformParent: {fileID: 0}
    m_Modifications:
    - target: {fileID: 5430650982845466570, guid: 76bea133d4c29d14a87869355bc1e131, type: 3}
      propertyPath: m_Pivot.x
      value: 0
      objectReference: {fileID: 0}
    - target: {fileID: 5430650982845466570, guid: 76bea133d4c29d14a87869355bc1e131, type: 3}
      propertyPath: m_Pivot.y
      value: 0
      objectReference: {fileID: 0}
    - target: {fileID: 5430650982845466570, guid: 76bea133d4c29d14a87869355bc1e131, type: 3}
      propertyPath: m_RootOrder
      value: 11
      objectReference: {fileID: 0}
    - target: {fileID: 5430650982845466570, guid: 76bea133d4c29d14a87869355bc1e131, type: 3}
      propertyPath: m_AnchorMax.x
      value: 0
      objectReference: {fileID: 0}
    - target: {fileID: 5430650982845466570, guid: 76bea133d4c29d14a87869355bc1e131, type: 3}
      propertyPath: m_AnchorMax.y
      value: 0
      objectReference: {fileID: 0}
    - target: {fileID: 5430650982845466570, guid: 76bea133d4c29d14a87869355bc1e131, type: 3}
      propertyPath: m_AnchorMin.x
      value: 0
      objectReference: {fileID: 0}
    - target: {fileID: 5430650982845466570, guid: 76bea133d4c29d14a87869355bc1e131, type: 3}
      propertyPath: m_AnchorMin.y
      value: 0
      objectReference: {fileID: 0}
    - target: {fileID: 5430650982845466570, guid: 76bea133d4c29d14a87869355bc1e131, type: 3}
      propertyPath: m_SizeDelta.x
      value: 0
      objectReference: {fileID: 0}
    - target: {fileID: 5430650982845466570, guid: 76bea133d4c29d14a87869355bc1e131, type: 3}
      propertyPath: m_SizeDelta.y
      value: 0
      objectReference: {fileID: 0}
    - target: {fileID: 5430650982845466570, guid: 76bea133d4c29d14a87869355bc1e131, type: 3}
      propertyPath: m_LocalPosition.x
      value: 0
      objectReference: {fileID: 0}
    - target: {fileID: 5430650982845466570, guid: 76bea133d4c29d14a87869355bc1e131, type: 3}
      propertyPath: m_LocalPosition.y
      value: 0
      objectReference: {fileID: 0}
    - target: {fileID: 5430650982845466570, guid: 76bea133d4c29d14a87869355bc1e131, type: 3}
      propertyPath: m_LocalPosition.z
      value: 0
      objectReference: {fileID: 0}
    - target: {fileID: 5430650982845466570, guid: 76bea133d4c29d14a87869355bc1e131, type: 3}
      propertyPath: m_LocalRotation.w
      value: 1
      objectReference: {fileID: 0}
    - target: {fileID: 5430650982845466570, guid: 76bea133d4c29d14a87869355bc1e131, type: 3}
      propertyPath: m_LocalRotation.x
      value: 0
      objectReference: {fileID: 0}
    - target: {fileID: 5430650982845466570, guid: 76bea133d4c29d14a87869355bc1e131, type: 3}
      propertyPath: m_LocalRotation.y
      value: 0
      objectReference: {fileID: 0}
    - target: {fileID: 5430650982845466570, guid: 76bea133d4c29d14a87869355bc1e131, type: 3}
      propertyPath: m_LocalRotation.z
      value: 0
      objectReference: {fileID: 0}
    - target: {fileID: 5430650982845466570, guid: 76bea133d4c29d14a87869355bc1e131, type: 3}
      propertyPath: m_AnchoredPosition.x
      value: 0
      objectReference: {fileID: 0}
    - target: {fileID: 5430650982845466570, guid: 76bea133d4c29d14a87869355bc1e131, type: 3}
      propertyPath: m_AnchoredPosition.y
      value: 0
      objectReference: {fileID: 0}
    - target: {fileID: 5430650982845466570, guid: 76bea133d4c29d14a87869355bc1e131, type: 3}
      propertyPath: m_LocalEulerAnglesHint.x
      value: 0
      objectReference: {fileID: 0}
    - target: {fileID: 5430650982845466570, guid: 76bea133d4c29d14a87869355bc1e131, type: 3}
      propertyPath: m_LocalEulerAnglesHint.y
      value: 0
      objectReference: {fileID: 0}
    - target: {fileID: 5430650982845466570, guid: 76bea133d4c29d14a87869355bc1e131, type: 3}
      propertyPath: m_LocalEulerAnglesHint.z
      value: 0
      objectReference: {fileID: 0}
    - target: {fileID: 5430650982845466574, guid: 76bea133d4c29d14a87869355bc1e131, type: 3}
      propertyPath: m_Name
      value: DialogCanvas
      objectReference: {fileID: 0}
    - target: {fileID: 5430650982845466574, guid: 76bea133d4c29d14a87869355bc1e131, type: 3}
      propertyPath: m_IsActive
      value: 1
      objectReference: {fileID: 0}
    - target: {fileID: 5430650983248919593, guid: 76bea133d4c29d14a87869355bc1e131, type: 3}
      propertyPath: m_SizeDelta.y
      value: 0
      objectReference: {fileID: 0}
    - target: {fileID: 5430650983467251182, guid: 76bea133d4c29d14a87869355bc1e131, type: 3}
      propertyPath: eventSystem
      value: 
      objectReference: {fileID: 2145791730}
    m_RemovedComponents: []
  m_SourcePrefab: {fileID: 100100000, guid: 76bea133d4c29d14a87869355bc1e131, type: 3}
--- !u!1001 &6228026138505024599
PrefabInstance:
  m_ObjectHideFlags: 0
  serializedVersion: 2
  m_Modification:
    m_TransformParent: {fileID: 0}
    m_Modifications:
    - target: {fileID: 1541437596883786126, guid: 32c4d013e1f099149a063e21463a6280, type: 3}
      propertyPath: m_AnchorMax.y
      value: 0
      objectReference: {fileID: 0}
    - target: {fileID: 1541437596883786126, guid: 32c4d013e1f099149a063e21463a6280, type: 3}
      propertyPath: m_AnchorMin.y
      value: 0
      objectReference: {fileID: 0}
    - target: {fileID: 1541437596883786126, guid: 32c4d013e1f099149a063e21463a6280, type: 3}
      propertyPath: m_SizeDelta.x
      value: 0
      objectReference: {fileID: 0}
    - target: {fileID: 1541437596883786126, guid: 32c4d013e1f099149a063e21463a6280, type: 3}
      propertyPath: m_AnchoredPosition.x
      value: 0
      objectReference: {fileID: 0}
    - target: {fileID: 1541437596883786126, guid: 32c4d013e1f099149a063e21463a6280, type: 3}
      propertyPath: m_AnchoredPosition.y
      value: 0
      objectReference: {fileID: 0}
    - target: {fileID: 1623825930346363365, guid: 32c4d013e1f099149a063e21463a6280, type: 3}
      propertyPath: m_AnchorMax.y
      value: 0
      objectReference: {fileID: 0}
    - target: {fileID: 1623825930346363365, guid: 32c4d013e1f099149a063e21463a6280, type: 3}
      propertyPath: m_AnchorMin.y
      value: 0
      objectReference: {fileID: 0}
    - target: {fileID: 1623825930346363365, guid: 32c4d013e1f099149a063e21463a6280, type: 3}
      propertyPath: m_SizeDelta.x
      value: 0
      objectReference: {fileID: 0}
    - target: {fileID: 1623825930346363365, guid: 32c4d013e1f099149a063e21463a6280, type: 3}
      propertyPath: m_AnchoredPosition.x
      value: 0
      objectReference: {fileID: 0}
    - target: {fileID: 1623825930346363365, guid: 32c4d013e1f099149a063e21463a6280, type: 3}
      propertyPath: m_AnchoredPosition.y
      value: 0
      objectReference: {fileID: 0}
    - target: {fileID: 3308289452017994148, guid: 32c4d013e1f099149a063e21463a6280, type: 3}
      propertyPath: m_AnchorMax.y
      value: 0
      objectReference: {fileID: 0}
    - target: {fileID: 3308289452017994148, guid: 32c4d013e1f099149a063e21463a6280, type: 3}
      propertyPath: m_AnchorMin.y
      value: 0
      objectReference: {fileID: 0}
    - target: {fileID: 3308289452017994148, guid: 32c4d013e1f099149a063e21463a6280, type: 3}
      propertyPath: m_SizeDelta.x
      value: 0
      objectReference: {fileID: 0}
    - target: {fileID: 3308289452017994148, guid: 32c4d013e1f099149a063e21463a6280, type: 3}
      propertyPath: m_AnchoredPosition.x
      value: 0
      objectReference: {fileID: 0}
    - target: {fileID: 3308289452017994148, guid: 32c4d013e1f099149a063e21463a6280, type: 3}
      propertyPath: m_AnchoredPosition.y
      value: 0
      objectReference: {fileID: 0}
    - target: {fileID: 3643472354664597667, guid: 32c4d013e1f099149a063e21463a6280, type: 3}
      propertyPath: m_AnchorMax.y
      value: 0
      objectReference: {fileID: 0}
    - target: {fileID: 3643472354664597667, guid: 32c4d013e1f099149a063e21463a6280, type: 3}
      propertyPath: m_AnchorMin.y
      value: 0
      objectReference: {fileID: 0}
    - target: {fileID: 3643472354664597667, guid: 32c4d013e1f099149a063e21463a6280, type: 3}
      propertyPath: m_SizeDelta.x
      value: 0
      objectReference: {fileID: 0}
    - target: {fileID: 3643472354664597667, guid: 32c4d013e1f099149a063e21463a6280, type: 3}
      propertyPath: m_AnchoredPosition.x
      value: 0
      objectReference: {fileID: 0}
    - target: {fileID: 3643472354664597667, guid: 32c4d013e1f099149a063e21463a6280, type: 3}
      propertyPath: m_AnchoredPosition.y
      value: 0
      objectReference: {fileID: 0}
    - target: {fileID: 5574534006511082461, guid: 32c4d013e1f099149a063e21463a6280, type: 3}
      propertyPath: m_AnchorMax.y
      value: 0
      objectReference: {fileID: 0}
    - target: {fileID: 5574534006511082461, guid: 32c4d013e1f099149a063e21463a6280, type: 3}
      propertyPath: m_AnchorMin.y
      value: 0
      objectReference: {fileID: 0}
    - target: {fileID: 5574534006511082461, guid: 32c4d013e1f099149a063e21463a6280, type: 3}
      propertyPath: m_SizeDelta.x
      value: 0
      objectReference: {fileID: 0}
    - target: {fileID: 5574534006511082461, guid: 32c4d013e1f099149a063e21463a6280, type: 3}
      propertyPath: m_AnchoredPosition.x
      value: 0
      objectReference: {fileID: 0}
    - target: {fileID: 5574534006511082461, guid: 32c4d013e1f099149a063e21463a6280, type: 3}
      propertyPath: m_AnchoredPosition.y
      value: 0
      objectReference: {fileID: 0}
    - target: {fileID: 5728800979761996481, guid: 32c4d013e1f099149a063e21463a6280, type: 3}
      propertyPath: m_AnchorMax.y
      value: 0
      objectReference: {fileID: 0}
    - target: {fileID: 5728800979761996481, guid: 32c4d013e1f099149a063e21463a6280, type: 3}
      propertyPath: m_AnchorMin.y
      value: 0
      objectReference: {fileID: 0}
    - target: {fileID: 5728800979761996481, guid: 32c4d013e1f099149a063e21463a6280, type: 3}
      propertyPath: m_SizeDelta.x
      value: 0
      objectReference: {fileID: 0}
    - target: {fileID: 5728800979761996481, guid: 32c4d013e1f099149a063e21463a6280, type: 3}
      propertyPath: m_AnchoredPosition.x
      value: 0
      objectReference: {fileID: 0}
    - target: {fileID: 5728800979761996481, guid: 32c4d013e1f099149a063e21463a6280, type: 3}
      propertyPath: m_AnchoredPosition.y
      value: 0
      objectReference: {fileID: 0}
    - target: {fileID: 6129071159563065133, guid: 32c4d013e1f099149a063e21463a6280, type: 3}
      propertyPath: m_AnchorMax.y
      value: 0
      objectReference: {fileID: 0}
    - target: {fileID: 6129071159563065133, guid: 32c4d013e1f099149a063e21463a6280, type: 3}
      propertyPath: m_AnchorMin.y
      value: 0
      objectReference: {fileID: 0}
    - target: {fileID: 6129071159563065133, guid: 32c4d013e1f099149a063e21463a6280, type: 3}
      propertyPath: m_SizeDelta.x
      value: 0
      objectReference: {fileID: 0}
    - target: {fileID: 6129071159563065133, guid: 32c4d013e1f099149a063e21463a6280, type: 3}
      propertyPath: m_AnchoredPosition.x
      value: 0
      objectReference: {fileID: 0}
    - target: {fileID: 6129071159563065133, guid: 32c4d013e1f099149a063e21463a6280, type: 3}
      propertyPath: m_AnchoredPosition.y
      value: 0
      objectReference: {fileID: 0}
    - target: {fileID: 6228026138879368280, guid: 32c4d013e1f099149a063e21463a6280, type: 3}
      propertyPath: bagMenu
      value: 
      objectReference: {fileID: 7881691608580227662}
    - target: {fileID: 6228026138879368280, guid: 32c4d013e1f099149a063e21463a6280, type: 3}
      propertyPath: pauseMenu
      value: 
      objectReference: {fileID: 1402121317}
    - target: {fileID: 6228026139054789995, guid: 32c4d013e1f099149a063e21463a6280, type: 3}
      propertyPath: m_Pivot.x
      value: 0
      objectReference: {fileID: 0}
    - target: {fileID: 6228026139054789995, guid: 32c4d013e1f099149a063e21463a6280, type: 3}
      propertyPath: m_Pivot.y
      value: 0
      objectReference: {fileID: 0}
    - target: {fileID: 6228026139054789995, guid: 32c4d013e1f099149a063e21463a6280, type: 3}
      propertyPath: m_RootOrder
      value: 1
      objectReference: {fileID: 0}
    - target: {fileID: 6228026139054789995, guid: 32c4d013e1f099149a063e21463a6280, type: 3}
      propertyPath: m_AnchorMax.x
      value: 0
      objectReference: {fileID: 0}
    - target: {fileID: 6228026139054789995, guid: 32c4d013e1f099149a063e21463a6280, type: 3}
      propertyPath: m_AnchorMax.y
      value: 0
      objectReference: {fileID: 0}
    - target: {fileID: 6228026139054789995, guid: 32c4d013e1f099149a063e21463a6280, type: 3}
      propertyPath: m_AnchorMin.x
      value: 0
      objectReference: {fileID: 0}
    - target: {fileID: 6228026139054789995, guid: 32c4d013e1f099149a063e21463a6280, type: 3}
      propertyPath: m_AnchorMin.y
      value: 0
      objectReference: {fileID: 0}
    - target: {fileID: 6228026139054789995, guid: 32c4d013e1f099149a063e21463a6280, type: 3}
      propertyPath: m_SizeDelta.x
      value: 0
      objectReference: {fileID: 0}
    - target: {fileID: 6228026139054789995, guid: 32c4d013e1f099149a063e21463a6280, type: 3}
      propertyPath: m_SizeDelta.y
      value: 0
      objectReference: {fileID: 0}
    - target: {fileID: 6228026139054789995, guid: 32c4d013e1f099149a063e21463a6280, type: 3}
      propertyPath: m_LocalPosition.x
      value: 0
      objectReference: {fileID: 0}
    - target: {fileID: 6228026139054789995, guid: 32c4d013e1f099149a063e21463a6280, type: 3}
      propertyPath: m_LocalPosition.y
      value: 0
      objectReference: {fileID: 0}
    - target: {fileID: 6228026139054789995, guid: 32c4d013e1f099149a063e21463a6280, type: 3}
      propertyPath: m_LocalPosition.z
      value: 0
      objectReference: {fileID: 0}
    - target: {fileID: 6228026139054789995, guid: 32c4d013e1f099149a063e21463a6280, type: 3}
      propertyPath: m_LocalRotation.w
      value: 1
      objectReference: {fileID: 0}
    - target: {fileID: 6228026139054789995, guid: 32c4d013e1f099149a063e21463a6280, type: 3}
      propertyPath: m_LocalRotation.x
      value: 0
      objectReference: {fileID: 0}
    - target: {fileID: 6228026139054789995, guid: 32c4d013e1f099149a063e21463a6280, type: 3}
      propertyPath: m_LocalRotation.y
      value: 0
      objectReference: {fileID: 0}
    - target: {fileID: 6228026139054789995, guid: 32c4d013e1f099149a063e21463a6280, type: 3}
      propertyPath: m_LocalRotation.z
      value: 0
      objectReference: {fileID: 0}
    - target: {fileID: 6228026139054789995, guid: 32c4d013e1f099149a063e21463a6280, type: 3}
      propertyPath: m_AnchoredPosition.x
      value: 0
      objectReference: {fileID: 0}
    - target: {fileID: 6228026139054789995, guid: 32c4d013e1f099149a063e21463a6280, type: 3}
      propertyPath: m_AnchoredPosition.y
      value: 0
      objectReference: {fileID: 0}
    - target: {fileID: 6228026139054789995, guid: 32c4d013e1f099149a063e21463a6280, type: 3}
      propertyPath: m_LocalEulerAnglesHint.x
      value: 0
      objectReference: {fileID: 0}
    - target: {fileID: 6228026139054789995, guid: 32c4d013e1f099149a063e21463a6280, type: 3}
      propertyPath: m_LocalEulerAnglesHint.y
      value: 0
      objectReference: {fileID: 0}
    - target: {fileID: 6228026139054789995, guid: 32c4d013e1f099149a063e21463a6280, type: 3}
      propertyPath: m_LocalEulerAnglesHint.z
      value: 0
      objectReference: {fileID: 0}
    - target: {fileID: 6228026139054789999, guid: 32c4d013e1f099149a063e21463a6280, type: 3}
      propertyPath: m_Name
      value: EveningCanvas
      objectReference: {fileID: 0}
    - target: {fileID: 6228026139054789999, guid: 32c4d013e1f099149a063e21463a6280, type: 3}
      propertyPath: m_IsActive
      value: 1
      objectReference: {fileID: 0}
    - target: {fileID: 7724407553359112168, guid: 32c4d013e1f099149a063e21463a6280, type: 3}
      propertyPath: m_AnchorMax.y
      value: 0
      objectReference: {fileID: 0}
    - target: {fileID: 7724407553359112168, guid: 32c4d013e1f099149a063e21463a6280, type: 3}
      propertyPath: m_AnchorMin.y
      value: 0
      objectReference: {fileID: 0}
    - target: {fileID: 7724407553359112168, guid: 32c4d013e1f099149a063e21463a6280, type: 3}
      propertyPath: m_SizeDelta.x
      value: 0
      objectReference: {fileID: 0}
    - target: {fileID: 7724407553359112168, guid: 32c4d013e1f099149a063e21463a6280, type: 3}
      propertyPath: m_AnchoredPosition.x
      value: 0
      objectReference: {fileID: 0}
    - target: {fileID: 7724407553359112168, guid: 32c4d013e1f099149a063e21463a6280, type: 3}
      propertyPath: m_AnchoredPosition.y
      value: 0
      objectReference: {fileID: 0}
    - target: {fileID: 7979930699028817916, guid: 32c4d013e1f099149a063e21463a6280, type: 3}
      propertyPath: m_AnchorMax.y
      value: 0
      objectReference: {fileID: 0}
    - target: {fileID: 7979930699028817916, guid: 32c4d013e1f099149a063e21463a6280, type: 3}
      propertyPath: m_AnchorMin.y
      value: 0
      objectReference: {fileID: 0}
    - target: {fileID: 7979930699028817916, guid: 32c4d013e1f099149a063e21463a6280, type: 3}
      propertyPath: m_SizeDelta.x
      value: 0
      objectReference: {fileID: 0}
    - target: {fileID: 7979930699028817916, guid: 32c4d013e1f099149a063e21463a6280, type: 3}
      propertyPath: m_AnchoredPosition.x
      value: 0
      objectReference: {fileID: 0}
    - target: {fileID: 7979930699028817916, guid: 32c4d013e1f099149a063e21463a6280, type: 3}
      propertyPath: m_AnchoredPosition.y
      value: 0
      objectReference: {fileID: 0}
    m_RemovedComponents: []
  m_SourcePrefab: {fileID: 100100000, guid: 32c4d013e1f099149a063e21463a6280, type: 3}
--- !u!1001 &6228546854677378984
PrefabInstance:
  m_ObjectHideFlags: 0
  serializedVersion: 2
  m_Modification:
    m_TransformParent: {fileID: 0}
    m_Modifications:
    - target: {fileID: 6228546853806672738, guid: b4432dba7ac54364fadded826bd91dc3, type: 3}
      propertyPath: pauseMenu
      value: 
      objectReference: {fileID: 1402121317}
    - target: {fileID: 6228546855306586599, guid: b4432dba7ac54364fadded826bd91dc3, type: 3}
      propertyPath: m_Name
      value: MorningCanvas
      objectReference: {fileID: 0}
    - target: {fileID: 6228546855306586599, guid: b4432dba7ac54364fadded826bd91dc3, type: 3}
      propertyPath: m_IsActive
      value: 1
      objectReference: {fileID: 0}
    - target: {fileID: 6228546855306586619, guid: b4432dba7ac54364fadded826bd91dc3, type: 3}
      propertyPath: m_Pivot.x
      value: 0
      objectReference: {fileID: 0}
    - target: {fileID: 6228546855306586619, guid: b4432dba7ac54364fadded826bd91dc3, type: 3}
      propertyPath: m_Pivot.y
      value: 0
      objectReference: {fileID: 0}
    - target: {fileID: 6228546855306586619, guid: b4432dba7ac54364fadded826bd91dc3, type: 3}
      propertyPath: m_RootOrder
      value: 2
      objectReference: {fileID: 0}
    - target: {fileID: 6228546855306586619, guid: b4432dba7ac54364fadded826bd91dc3, type: 3}
      propertyPath: m_AnchorMax.x
      value: 0
      objectReference: {fileID: 0}
    - target: {fileID: 6228546855306586619, guid: b4432dba7ac54364fadded826bd91dc3, type: 3}
      propertyPath: m_AnchorMax.y
      value: 0
      objectReference: {fileID: 0}
    - target: {fileID: 6228546855306586619, guid: b4432dba7ac54364fadded826bd91dc3, type: 3}
      propertyPath: m_AnchorMin.x
      value: 0
      objectReference: {fileID: 0}
    - target: {fileID: 6228546855306586619, guid: b4432dba7ac54364fadded826bd91dc3, type: 3}
      propertyPath: m_AnchorMin.y
      value: 0
      objectReference: {fileID: 0}
    - target: {fileID: 6228546855306586619, guid: b4432dba7ac54364fadded826bd91dc3, type: 3}
      propertyPath: m_SizeDelta.x
      value: 0
      objectReference: {fileID: 0}
    - target: {fileID: 6228546855306586619, guid: b4432dba7ac54364fadded826bd91dc3, type: 3}
      propertyPath: m_SizeDelta.y
      value: 0
      objectReference: {fileID: 0}
    - target: {fileID: 6228546855306586619, guid: b4432dba7ac54364fadded826bd91dc3, type: 3}
      propertyPath: m_LocalPosition.x
      value: 0
      objectReference: {fileID: 0}
    - target: {fileID: 6228546855306586619, guid: b4432dba7ac54364fadded826bd91dc3, type: 3}
      propertyPath: m_LocalPosition.y
      value: 0
      objectReference: {fileID: 0}
    - target: {fileID: 6228546855306586619, guid: b4432dba7ac54364fadded826bd91dc3, type: 3}
      propertyPath: m_LocalPosition.z
      value: 0
      objectReference: {fileID: 0}
    - target: {fileID: 6228546855306586619, guid: b4432dba7ac54364fadded826bd91dc3, type: 3}
      propertyPath: m_LocalRotation.w
      value: 1
      objectReference: {fileID: 0}
    - target: {fileID: 6228546855306586619, guid: b4432dba7ac54364fadded826bd91dc3, type: 3}
      propertyPath: m_LocalRotation.x
      value: 0
      objectReference: {fileID: 0}
    - target: {fileID: 6228546855306586619, guid: b4432dba7ac54364fadded826bd91dc3, type: 3}
      propertyPath: m_LocalRotation.y
      value: 0
      objectReference: {fileID: 0}
    - target: {fileID: 6228546855306586619, guid: b4432dba7ac54364fadded826bd91dc3, type: 3}
      propertyPath: m_LocalRotation.z
      value: 0
      objectReference: {fileID: 0}
    - target: {fileID: 6228546855306586619, guid: b4432dba7ac54364fadded826bd91dc3, type: 3}
      propertyPath: m_AnchoredPosition.x
      value: 0
      objectReference: {fileID: 0}
    - target: {fileID: 6228546855306586619, guid: b4432dba7ac54364fadded826bd91dc3, type: 3}
      propertyPath: m_AnchoredPosition.y
      value: 0
      objectReference: {fileID: 0}
    - target: {fileID: 6228546855306586619, guid: b4432dba7ac54364fadded826bd91dc3, type: 3}
      propertyPath: m_LocalEulerAnglesHint.x
      value: 0
      objectReference: {fileID: 0}
    - target: {fileID: 6228546855306586619, guid: b4432dba7ac54364fadded826bd91dc3, type: 3}
      propertyPath: m_LocalEulerAnglesHint.y
      value: 0
      objectReference: {fileID: 0}
    - target: {fileID: 6228546855306586619, guid: b4432dba7ac54364fadded826bd91dc3, type: 3}
      propertyPath: m_LocalEulerAnglesHint.z
      value: 0
      objectReference: {fileID: 0}
    m_RemovedComponents: []
  m_SourcePrefab: {fileID: 100100000, guid: b4432dba7ac54364fadded826bd91dc3, type: 3}
--- !u!1001 &6552325526739468081
PrefabInstance:
  m_ObjectHideFlags: 0
  serializedVersion: 2
  m_Modification:
    m_TransformParent: {fileID: 0}
    m_Modifications:
    - target: {fileID: 6552325526065600717, guid: 90c0c81574470674a9697571176157f4, type: 3}
      propertyPath: eventSystem
      value: 
      objectReference: {fileID: 2145791730}
    - target: {fileID: 6552325526065600717, guid: 90c0c81574470674a9697571176157f4, type: 3}
      propertyPath: journalMenuController
      value: 
      objectReference: {fileID: 658895122799707097}
    - target: {fileID: 6552325526065600717, guid: 90c0c81574470674a9697571176157f4, type: 3}
      propertyPath: controlsMenuController
      value: 
      objectReference: {fileID: 955696406}
    - target: {fileID: 6552325526942567560, guid: 90c0c81574470674a9697571176157f4, type: 3}
      propertyPath: m_Name
      value: PauseOfficesCanvas
      objectReference: {fileID: 0}
    - target: {fileID: 6552325526942567560, guid: 90c0c81574470674a9697571176157f4, type: 3}
      propertyPath: m_IsActive
      value: 1
      objectReference: {fileID: 0}
    - target: {fileID: 6552325526942567564, guid: 90c0c81574470674a9697571176157f4, type: 3}
      propertyPath: m_Pivot.x
      value: 0
      objectReference: {fileID: 0}
    - target: {fileID: 6552325526942567564, guid: 90c0c81574470674a9697571176157f4, type: 3}
      propertyPath: m_Pivot.y
      value: 0
      objectReference: {fileID: 0}
    - target: {fileID: 6552325526942567564, guid: 90c0c81574470674a9697571176157f4, type: 3}
      propertyPath: m_RootOrder
      value: 9
      objectReference: {fileID: 0}
    - target: {fileID: 6552325526942567564, guid: 90c0c81574470674a9697571176157f4, type: 3}
      propertyPath: m_AnchorMax.x
      value: 0
      objectReference: {fileID: 0}
    - target: {fileID: 6552325526942567564, guid: 90c0c81574470674a9697571176157f4, type: 3}
      propertyPath: m_AnchorMax.y
      value: 0
      objectReference: {fileID: 0}
    - target: {fileID: 6552325526942567564, guid: 90c0c81574470674a9697571176157f4, type: 3}
      propertyPath: m_AnchorMin.x
      value: 0
      objectReference: {fileID: 0}
    - target: {fileID: 6552325526942567564, guid: 90c0c81574470674a9697571176157f4, type: 3}
      propertyPath: m_AnchorMin.y
      value: 0
      objectReference: {fileID: 0}
    - target: {fileID: 6552325526942567564, guid: 90c0c81574470674a9697571176157f4, type: 3}
      propertyPath: m_SizeDelta.x
      value: 0
      objectReference: {fileID: 0}
    - target: {fileID: 6552325526942567564, guid: 90c0c81574470674a9697571176157f4, type: 3}
      propertyPath: m_SizeDelta.y
      value: 0
      objectReference: {fileID: 0}
    - target: {fileID: 6552325526942567564, guid: 90c0c81574470674a9697571176157f4, type: 3}
      propertyPath: m_LocalPosition.x
      value: 0
      objectReference: {fileID: 0}
    - target: {fileID: 6552325526942567564, guid: 90c0c81574470674a9697571176157f4, type: 3}
      propertyPath: m_LocalPosition.y
      value: 0
      objectReference: {fileID: 0}
    - target: {fileID: 6552325526942567564, guid: 90c0c81574470674a9697571176157f4, type: 3}
      propertyPath: m_LocalPosition.z
      value: 0
      objectReference: {fileID: 0}
    - target: {fileID: 6552325526942567564, guid: 90c0c81574470674a9697571176157f4, type: 3}
      propertyPath: m_LocalRotation.w
      value: 1
      objectReference: {fileID: 0}
    - target: {fileID: 6552325526942567564, guid: 90c0c81574470674a9697571176157f4, type: 3}
      propertyPath: m_LocalRotation.x
      value: 0
      objectReference: {fileID: 0}
    - target: {fileID: 6552325526942567564, guid: 90c0c81574470674a9697571176157f4, type: 3}
      propertyPath: m_LocalRotation.y
      value: 0
      objectReference: {fileID: 0}
    - target: {fileID: 6552325526942567564, guid: 90c0c81574470674a9697571176157f4, type: 3}
      propertyPath: m_LocalRotation.z
      value: 0
      objectReference: {fileID: 0}
    - target: {fileID: 6552325526942567564, guid: 90c0c81574470674a9697571176157f4, type: 3}
      propertyPath: m_AnchoredPosition.x
      value: 0
      objectReference: {fileID: 0}
    - target: {fileID: 6552325526942567564, guid: 90c0c81574470674a9697571176157f4, type: 3}
      propertyPath: m_AnchoredPosition.y
      value: 0
      objectReference: {fileID: 0}
    - target: {fileID: 6552325526942567564, guid: 90c0c81574470674a9697571176157f4, type: 3}
      propertyPath: m_LocalEulerAnglesHint.x
      value: 0
      objectReference: {fileID: 0}
    - target: {fileID: 6552325526942567564, guid: 90c0c81574470674a9697571176157f4, type: 3}
      propertyPath: m_LocalEulerAnglesHint.y
      value: 0
      objectReference: {fileID: 0}
    - target: {fileID: 6552325526942567564, guid: 90c0c81574470674a9697571176157f4, type: 3}
      propertyPath: m_LocalEulerAnglesHint.z
      value: 0
      objectReference: {fileID: 0}
    m_RemovedComponents: []
  m_SourcePrefab: {fileID: 100100000, guid: 90c0c81574470674a9697571176157f4, type: 3}
--- !u!1001 &7419370769735860875
PrefabInstance:
  m_ObjectHideFlags: 0
  serializedVersion: 2
  m_Modification:
    m_TransformParent: {fileID: 0}
    m_Modifications:
    - target: {fileID: 7419370768352898798, guid: 970738af6b7936f4da4806d219db004e, type: 3}
      propertyPath: journalMenuClassifier
      value: 
      objectReference: {fileID: 11400000, guid: 9a48a4271a9447746bfa5d33767d882d, type: 2}
    - target: {fileID: 7419370768352898798, guid: 970738af6b7936f4da4806d219db004e, type: 3}
      propertyPath: journalMenuController
      value: 
      objectReference: {fileID: 658895122799707097}
    - target: {fileID: 7419370768352898798, guid: 970738af6b7936f4da4806d219db004e, type: 3}
      propertyPath: controlsMenuController
      value: 
      objectReference: {fileID: 955696406}
    - target: {fileID: 7419370769047091524, guid: 970738af6b7936f4da4806d219db004e, type: 3}
      propertyPath: m_Name
      value: PauseGameplayCanvas
      objectReference: {fileID: 0}
    - target: {fileID: 7419370769047091524, guid: 970738af6b7936f4da4806d219db004e, type: 3}
      propertyPath: m_IsActive
      value: 1
      objectReference: {fileID: 0}
    - target: {fileID: 7419370769047091544, guid: 970738af6b7936f4da4806d219db004e, type: 3}
      propertyPath: m_Pivot.x
      value: 0
      objectReference: {fileID: 0}
    - target: {fileID: 7419370769047091544, guid: 970738af6b7936f4da4806d219db004e, type: 3}
      propertyPath: m_Pivot.y
      value: 0
      objectReference: {fileID: 0}
    - target: {fileID: 7419370769047091544, guid: 970738af6b7936f4da4806d219db004e, type: 3}
      propertyPath: m_RootOrder
      value: 6
      objectReference: {fileID: 0}
    - target: {fileID: 7419370769047091544, guid: 970738af6b7936f4da4806d219db004e, type: 3}
      propertyPath: m_AnchorMax.x
      value: 0
      objectReference: {fileID: 0}
    - target: {fileID: 7419370769047091544, guid: 970738af6b7936f4da4806d219db004e, type: 3}
      propertyPath: m_AnchorMax.y
      value: 0
      objectReference: {fileID: 0}
    - target: {fileID: 7419370769047091544, guid: 970738af6b7936f4da4806d219db004e, type: 3}
      propertyPath: m_AnchorMin.x
      value: 0
      objectReference: {fileID: 0}
    - target: {fileID: 7419370769047091544, guid: 970738af6b7936f4da4806d219db004e, type: 3}
      propertyPath: m_AnchorMin.y
      value: 0
      objectReference: {fileID: 0}
    - target: {fileID: 7419370769047091544, guid: 970738af6b7936f4da4806d219db004e, type: 3}
      propertyPath: m_SizeDelta.x
      value: 0
      objectReference: {fileID: 0}
    - target: {fileID: 7419370769047091544, guid: 970738af6b7936f4da4806d219db004e, type: 3}
      propertyPath: m_SizeDelta.y
      value: 0
      objectReference: {fileID: 0}
    - target: {fileID: 7419370769047091544, guid: 970738af6b7936f4da4806d219db004e, type: 3}
      propertyPath: m_LocalPosition.x
      value: 0
      objectReference: {fileID: 0}
    - target: {fileID: 7419370769047091544, guid: 970738af6b7936f4da4806d219db004e, type: 3}
      propertyPath: m_LocalPosition.y
      value: 0
      objectReference: {fileID: 0}
    - target: {fileID: 7419370769047091544, guid: 970738af6b7936f4da4806d219db004e, type: 3}
      propertyPath: m_LocalPosition.z
      value: 0
      objectReference: {fileID: 0}
    - target: {fileID: 7419370769047091544, guid: 970738af6b7936f4da4806d219db004e, type: 3}
      propertyPath: m_LocalRotation.w
      value: 1
      objectReference: {fileID: 0}
    - target: {fileID: 7419370769047091544, guid: 970738af6b7936f4da4806d219db004e, type: 3}
      propertyPath: m_LocalRotation.x
      value: 0
      objectReference: {fileID: 0}
    - target: {fileID: 7419370769047091544, guid: 970738af6b7936f4da4806d219db004e, type: 3}
      propertyPath: m_LocalRotation.y
      value: 0
      objectReference: {fileID: 0}
    - target: {fileID: 7419370769047091544, guid: 970738af6b7936f4da4806d219db004e, type: 3}
      propertyPath: m_LocalRotation.z
      value: 0
      objectReference: {fileID: 0}
    - target: {fileID: 7419370769047091544, guid: 970738af6b7936f4da4806d219db004e, type: 3}
      propertyPath: m_AnchoredPosition.x
      value: 0
      objectReference: {fileID: 0}
    - target: {fileID: 7419370769047091544, guid: 970738af6b7936f4da4806d219db004e, type: 3}
      propertyPath: m_AnchoredPosition.y
      value: 0
      objectReference: {fileID: 0}
    - target: {fileID: 7419370769047091544, guid: 970738af6b7936f4da4806d219db004e, type: 3}
      propertyPath: m_LocalEulerAnglesHint.x
      value: 0
      objectReference: {fileID: 0}
    - target: {fileID: 7419370769047091544, guid: 970738af6b7936f4da4806d219db004e, type: 3}
      propertyPath: m_LocalEulerAnglesHint.y
      value: 0
      objectReference: {fileID: 0}
    - target: {fileID: 7419370769047091544, guid: 970738af6b7936f4da4806d219db004e, type: 3}
      propertyPath: m_LocalEulerAnglesHint.z
      value: 0
      objectReference: {fileID: 0}
    m_RemovedComponents: []
  m_SourcePrefab: {fileID: 100100000, guid: 970738af6b7936f4da4806d219db004e, type: 3}
--- !u!1001 &7881691608580227661
PrefabInstance:
  m_ObjectHideFlags: 0
  serializedVersion: 2
  m_Modification:
    m_TransformParent: {fileID: 0}
    m_Modifications:
    - target: {fileID: 7881691608838766467, guid: d34cef74ec7ad3e4291f3b5bf2488807, type: 3}
      propertyPath: m_Pivot.x
      value: 0
      objectReference: {fileID: 0}
    - target: {fileID: 7881691608838766467, guid: d34cef74ec7ad3e4291f3b5bf2488807, type: 3}
      propertyPath: m_Pivot.y
      value: 0
      objectReference: {fileID: 0}
    - target: {fileID: 7881691608838766467, guid: d34cef74ec7ad3e4291f3b5bf2488807, type: 3}
      propertyPath: m_RootOrder
      value: 5
      objectReference: {fileID: 0}
    - target: {fileID: 7881691608838766467, guid: d34cef74ec7ad3e4291f3b5bf2488807, type: 3}
      propertyPath: m_AnchorMax.x
      value: 0
      objectReference: {fileID: 0}
    - target: {fileID: 7881691608838766467, guid: d34cef74ec7ad3e4291f3b5bf2488807, type: 3}
      propertyPath: m_AnchorMax.y
      value: 0
      objectReference: {fileID: 0}
    - target: {fileID: 7881691608838766467, guid: d34cef74ec7ad3e4291f3b5bf2488807, type: 3}
      propertyPath: m_AnchorMin.x
      value: 0
      objectReference: {fileID: 0}
    - target: {fileID: 7881691608838766467, guid: d34cef74ec7ad3e4291f3b5bf2488807, type: 3}
      propertyPath: m_AnchorMin.y
      value: 0
      objectReference: {fileID: 0}
    - target: {fileID: 7881691608838766467, guid: d34cef74ec7ad3e4291f3b5bf2488807, type: 3}
      propertyPath: m_SizeDelta.x
      value: 0
      objectReference: {fileID: 0}
    - target: {fileID: 7881691608838766467, guid: d34cef74ec7ad3e4291f3b5bf2488807, type: 3}
      propertyPath: m_SizeDelta.y
      value: 0
      objectReference: {fileID: 0}
    - target: {fileID: 7881691608838766467, guid: d34cef74ec7ad3e4291f3b5bf2488807, type: 3}
      propertyPath: m_LocalPosition.x
      value: 0
      objectReference: {fileID: 0}
    - target: {fileID: 7881691608838766467, guid: d34cef74ec7ad3e4291f3b5bf2488807, type: 3}
      propertyPath: m_LocalPosition.y
      value: 0
      objectReference: {fileID: 0}
    - target: {fileID: 7881691608838766467, guid: d34cef74ec7ad3e4291f3b5bf2488807, type: 3}
      propertyPath: m_LocalPosition.z
      value: 0
      objectReference: {fileID: 0}
    - target: {fileID: 7881691608838766467, guid: d34cef74ec7ad3e4291f3b5bf2488807, type: 3}
      propertyPath: m_LocalRotation.w
      value: 1
      objectReference: {fileID: 0}
    - target: {fileID: 7881691608838766467, guid: d34cef74ec7ad3e4291f3b5bf2488807, type: 3}
      propertyPath: m_LocalRotation.x
      value: 0
      objectReference: {fileID: 0}
    - target: {fileID: 7881691608838766467, guid: d34cef74ec7ad3e4291f3b5bf2488807, type: 3}
      propertyPath: m_LocalRotation.y
      value: 0
      objectReference: {fileID: 0}
    - target: {fileID: 7881691608838766467, guid: d34cef74ec7ad3e4291f3b5bf2488807, type: 3}
      propertyPath: m_LocalRotation.z
      value: 0
      objectReference: {fileID: 0}
    - target: {fileID: 7881691608838766467, guid: d34cef74ec7ad3e4291f3b5bf2488807, type: 3}
      propertyPath: m_AnchoredPosition.x
      value: 0
      objectReference: {fileID: 0}
    - target: {fileID: 7881691608838766467, guid: d34cef74ec7ad3e4291f3b5bf2488807, type: 3}
      propertyPath: m_AnchoredPosition.y
      value: 0
      objectReference: {fileID: 0}
    - target: {fileID: 7881691608838766467, guid: d34cef74ec7ad3e4291f3b5bf2488807, type: 3}
      propertyPath: m_LocalEulerAnglesHint.x
      value: 0
      objectReference: {fileID: 0}
    - target: {fileID: 7881691608838766467, guid: d34cef74ec7ad3e4291f3b5bf2488807, type: 3}
      propertyPath: m_LocalEulerAnglesHint.y
      value: 0
      objectReference: {fileID: 0}
    - target: {fileID: 7881691608838766467, guid: d34cef74ec7ad3e4291f3b5bf2488807, type: 3}
      propertyPath: m_LocalEulerAnglesHint.z
      value: 0
      objectReference: {fileID: 0}
    - target: {fileID: 7881691608838766471, guid: d34cef74ec7ad3e4291f3b5bf2488807, type: 3}
      propertyPath: m_Name
      value: BagCanvas
      objectReference: {fileID: 0}
    - target: {fileID: 7881691608838766471, guid: d34cef74ec7ad3e4291f3b5bf2488807, type: 3}
      propertyPath: m_IsActive
      value: 1
      objectReference: {fileID: 0}
    m_RemovedComponents: []
  m_SourcePrefab: {fileID: 100100000, guid: d34cef74ec7ad3e4291f3b5bf2488807, type: 3}
--- !u!114 &7881691608580227662 stripped
MonoBehaviour:
  m_CorrespondingSourceObject: {fileID: 7881691607676626106, guid: d34cef74ec7ad3e4291f3b5bf2488807, type: 3}
  m_PrefabInstance: {fileID: 7881691608580227661}
  m_PrefabAsset: {fileID: 0}
  m_GameObject: {fileID: 0}
  m_Enabled: 1
  m_EditorHideFlags: 0
  m_Script: {fileID: 11500000, guid: 4b0038fe98f8b674e8f937cdd2529f39, type: 3}
  m_Name: 
  m_EditorClassIdentifier: 
--- !u!1001 &8018268940361292840
PrefabInstance:
  m_ObjectHideFlags: 0
  serializedVersion: 2
  m_Modification:
    m_TransformParent: {fileID: 0}
    m_Modifications:
    - target: {fileID: 7249753927466868081, guid: 14f968873061de040b12cd5d56381817, type: 3}
      propertyPath: m_AnchorMax.x
      value: 0
      objectReference: {fileID: 0}
    - target: {fileID: 7249753927466868081, guid: 14f968873061de040b12cd5d56381817, type: 3}
      propertyPath: m_AnchorMax.y
      value: 0
      objectReference: {fileID: 0}
    - target: {fileID: 8018268940430593170, guid: 14f968873061de040b12cd5d56381817, type: 3}
      propertyPath: m_Pivot.x
      value: 0
      objectReference: {fileID: 0}
    - target: {fileID: 8018268940430593170, guid: 14f968873061de040b12cd5d56381817, type: 3}
      propertyPath: m_Pivot.y
      value: 0
      objectReference: {fileID: 0}
    - target: {fileID: 8018268940430593170, guid: 14f968873061de040b12cd5d56381817, type: 3}
      propertyPath: m_RootOrder
      value: 4
      objectReference: {fileID: 0}
    - target: {fileID: 8018268940430593170, guid: 14f968873061de040b12cd5d56381817, type: 3}
      propertyPath: m_AnchorMax.x
      value: 0
      objectReference: {fileID: 0}
    - target: {fileID: 8018268940430593170, guid: 14f968873061de040b12cd5d56381817, type: 3}
      propertyPath: m_AnchorMax.y
      value: 0
      objectReference: {fileID: 0}
    - target: {fileID: 8018268940430593170, guid: 14f968873061de040b12cd5d56381817, type: 3}
      propertyPath: m_AnchorMin.x
      value: 0
      objectReference: {fileID: 0}
    - target: {fileID: 8018268940430593170, guid: 14f968873061de040b12cd5d56381817, type: 3}
      propertyPath: m_AnchorMin.y
      value: 0
      objectReference: {fileID: 0}
    - target: {fileID: 8018268940430593170, guid: 14f968873061de040b12cd5d56381817, type: 3}
      propertyPath: m_SizeDelta.x
      value: 0
      objectReference: {fileID: 0}
    - target: {fileID: 8018268940430593170, guid: 14f968873061de040b12cd5d56381817, type: 3}
      propertyPath: m_SizeDelta.y
      value: 0
      objectReference: {fileID: 0}
    - target: {fileID: 8018268940430593170, guid: 14f968873061de040b12cd5d56381817, type: 3}
      propertyPath: m_LocalPosition.x
      value: 0
      objectReference: {fileID: 0}
    - target: {fileID: 8018268940430593170, guid: 14f968873061de040b12cd5d56381817, type: 3}
      propertyPath: m_LocalPosition.y
      value: 0
      objectReference: {fileID: 0}
    - target: {fileID: 8018268940430593170, guid: 14f968873061de040b12cd5d56381817, type: 3}
      propertyPath: m_LocalPosition.z
      value: 0
      objectReference: {fileID: 0}
    - target: {fileID: 8018268940430593170, guid: 14f968873061de040b12cd5d56381817, type: 3}
      propertyPath: m_LocalRotation.w
      value: 1
      objectReference: {fileID: 0}
    - target: {fileID: 8018268940430593170, guid: 14f968873061de040b12cd5d56381817, type: 3}
      propertyPath: m_LocalRotation.x
      value: 0
      objectReference: {fileID: 0}
    - target: {fileID: 8018268940430593170, guid: 14f968873061de040b12cd5d56381817, type: 3}
      propertyPath: m_LocalRotation.y
      value: 0
      objectReference: {fileID: 0}
    - target: {fileID: 8018268940430593170, guid: 14f968873061de040b12cd5d56381817, type: 3}
      propertyPath: m_LocalRotation.z
      value: 0
      objectReference: {fileID: 0}
    - target: {fileID: 8018268940430593170, guid: 14f968873061de040b12cd5d56381817, type: 3}
      propertyPath: m_AnchoredPosition.x
      value: 0
      objectReference: {fileID: 0}
    - target: {fileID: 8018268940430593170, guid: 14f968873061de040b12cd5d56381817, type: 3}
      propertyPath: m_AnchoredPosition.y
      value: 0
      objectReference: {fileID: 0}
    - target: {fileID: 8018268940430593170, guid: 14f968873061de040b12cd5d56381817, type: 3}
      propertyPath: m_LocalEulerAnglesHint.x
      value: 0
      objectReference: {fileID: 0}
    - target: {fileID: 8018268940430593170, guid: 14f968873061de040b12cd5d56381817, type: 3}
      propertyPath: m_LocalEulerAnglesHint.y
      value: 0
      objectReference: {fileID: 0}
    - target: {fileID: 8018268940430593170, guid: 14f968873061de040b12cd5d56381817, type: 3}
      propertyPath: m_LocalEulerAnglesHint.z
      value: 0
      objectReference: {fileID: 0}
    - target: {fileID: 8018268940430593182, guid: 14f968873061de040b12cd5d56381817, type: 3}
      propertyPath: m_Name
      value: ShopCanvas
      objectReference: {fileID: 0}
    - target: {fileID: 8018268940430593182, guid: 14f968873061de040b12cd5d56381817, type: 3}
      propertyPath: m_IsActive
      value: 1
      objectReference: {fileID: 0}
    - target: {fileID: 8018268940732036159, guid: 14f968873061de040b12cd5d56381817, type: 3}
      propertyPath: m_AnchorMax.x
      value: 0
      objectReference: {fileID: 0}
    - target: {fileID: 8018268940732036159, guid: 14f968873061de040b12cd5d56381817, type: 3}
      propertyPath: m_AnchorMax.y
      value: 0
      objectReference: {fileID: 0}
    - target: {fileID: 8018268940732036159, guid: 14f968873061de040b12cd5d56381817, type: 3}
      propertyPath: m_SizeDelta.x
      value: 0
      objectReference: {fileID: 0}
    m_RemovedComponents: []
  m_SourcePrefab: {fileID: 100100000, guid: 14f968873061de040b12cd5d56381817, type: 3}
--- !u!1001 &8191820286008425867
PrefabInstance:
  m_ObjectHideFlags: 0
  serializedVersion: 2
  m_Modification:
    m_TransformParent: {fileID: 0}
    m_Modifications:
    - target: {fileID: 8191820285961092241, guid: 357f07277239eb54fb4cb731aa752335, type: 3}
      propertyPath: m_Name
      value: OfficesCanvas
      objectReference: {fileID: 0}
    - target: {fileID: 8191820285961092241, guid: 357f07277239eb54fb4cb731aa752335, type: 3}
      propertyPath: m_IsActive
      value: 1
      objectReference: {fileID: 0}
    - target: {fileID: 8191820285961092245, guid: 357f07277239eb54fb4cb731aa752335, type: 3}
      propertyPath: m_Pivot.x
      value: 0
      objectReference: {fileID: 0}
    - target: {fileID: 8191820285961092245, guid: 357f07277239eb54fb4cb731aa752335, type: 3}
      propertyPath: m_Pivot.y
      value: 0
      objectReference: {fileID: 0}
    - target: {fileID: 8191820285961092245, guid: 357f07277239eb54fb4cb731aa752335, type: 3}
      propertyPath: m_RootOrder
      value: 8
      objectReference: {fileID: 0}
    - target: {fileID: 8191820285961092245, guid: 357f07277239eb54fb4cb731aa752335, type: 3}
      propertyPath: m_AnchorMax.x
      value: 0
      objectReference: {fileID: 0}
    - target: {fileID: 8191820285961092245, guid: 357f07277239eb54fb4cb731aa752335, type: 3}
      propertyPath: m_AnchorMax.y
      value: 0
      objectReference: {fileID: 0}
    - target: {fileID: 8191820285961092245, guid: 357f07277239eb54fb4cb731aa752335, type: 3}
      propertyPath: m_AnchorMin.x
      value: 0
      objectReference: {fileID: 0}
    - target: {fileID: 8191820285961092245, guid: 357f07277239eb54fb4cb731aa752335, type: 3}
      propertyPath: m_AnchorMin.y
      value: 0
      objectReference: {fileID: 0}
    - target: {fileID: 8191820285961092245, guid: 357f07277239eb54fb4cb731aa752335, type: 3}
      propertyPath: m_SizeDelta.x
      value: 0
      objectReference: {fileID: 0}
    - target: {fileID: 8191820285961092245, guid: 357f07277239eb54fb4cb731aa752335, type: 3}
      propertyPath: m_SizeDelta.y
      value: 0
      objectReference: {fileID: 0}
    - target: {fileID: 8191820285961092245, guid: 357f07277239eb54fb4cb731aa752335, type: 3}
      propertyPath: m_LocalPosition.x
      value: 0
      objectReference: {fileID: 0}
    - target: {fileID: 8191820285961092245, guid: 357f07277239eb54fb4cb731aa752335, type: 3}
      propertyPath: m_LocalPosition.y
      value: 0
      objectReference: {fileID: 0}
    - target: {fileID: 8191820285961092245, guid: 357f07277239eb54fb4cb731aa752335, type: 3}
      propertyPath: m_LocalPosition.z
      value: 0
      objectReference: {fileID: 0}
    - target: {fileID: 8191820285961092245, guid: 357f07277239eb54fb4cb731aa752335, type: 3}
      propertyPath: m_LocalRotation.w
      value: 1
      objectReference: {fileID: 0}
    - target: {fileID: 8191820285961092245, guid: 357f07277239eb54fb4cb731aa752335, type: 3}
      propertyPath: m_LocalRotation.x
      value: 0
      objectReference: {fileID: 0}
    - target: {fileID: 8191820285961092245, guid: 357f07277239eb54fb4cb731aa752335, type: 3}
      propertyPath: m_LocalRotation.y
      value: 0
      objectReference: {fileID: 0}
    - target: {fileID: 8191820285961092245, guid: 357f07277239eb54fb4cb731aa752335, type: 3}
      propertyPath: m_LocalRotation.z
      value: 0
      objectReference: {fileID: 0}
    - target: {fileID: 8191820285961092245, guid: 357f07277239eb54fb4cb731aa752335, type: 3}
      propertyPath: m_AnchoredPosition.x
      value: 0
      objectReference: {fileID: 0}
    - target: {fileID: 8191820285961092245, guid: 357f07277239eb54fb4cb731aa752335, type: 3}
      propertyPath: m_AnchoredPosition.y
      value: 0
      objectReference: {fileID: 0}
    - target: {fileID: 8191820285961092245, guid: 357f07277239eb54fb4cb731aa752335, type: 3}
      propertyPath: m_LocalEulerAnglesHint.x
      value: 0
      objectReference: {fileID: 0}
    - target: {fileID: 8191820285961092245, guid: 357f07277239eb54fb4cb731aa752335, type: 3}
      propertyPath: m_LocalEulerAnglesHint.y
      value: 0
      objectReference: {fileID: 0}
    - target: {fileID: 8191820285961092245, guid: 357f07277239eb54fb4cb731aa752335, type: 3}
      propertyPath: m_LocalEulerAnglesHint.z
      value: 0
      objectReference: {fileID: 0}
    - target: {fileID: 8191820285998334773, guid: 357f07277239eb54fb4cb731aa752335, type: 3}
      propertyPath: pauseMenu
      value: 
      objectReference: {fileID: 2077943804}
    m_RemovedComponents: []
  m_SourcePrefab: {fileID: 100100000, guid: 357f07277239eb54fb4cb731aa752335, type: 3}
